{"source":"binance","type":"trade","timestamp":1775904659367,"price":72821.66,"quantity":0.01085,"side":"sell"}
{"source":"binance","type":"trade","timestamp":1775904659443,"price":72821.66,"quantity":0.00479,"side":"sell"}
{"source":"binance","type":"trade","timestamp":1775904660938,"price":72821.67,"quantity":0.00082,"side":"buy"}
{"source":"binance","type":"trade","timestamp":1775904661046,"price":72821.67,"quantity":0.0001,"side":"buy"}
{"source":"binance","type":"trade","timestamp":1775904661316,"price":72821.66,"quantity":0.00207,"side":"sell"}
{"source":"binance","type":"trade","timestamp":1775904661522,"price":72821.66,"quantity":0.00331,"side":"sell"}
{"source":"binance","type":"trade","timestamp":1775904661751,"price":72821.67,"quantity":0.00138,"side":"buy"}
{"source":"binance","type":"trade","timestamp":1775904662075,"price":72821.66,"quantity":0.00076,"side":"sell"}
{"source":"binance","type":"trade","timestamp":1775904662193,"price":72821.67,"quantity":0.00014,"side":"buy"}
{"source":"binance","type":"trade","timestamp":1775904662669,"price":72821.67,"quantity":0.00029,"side":"buy"}
{"source":"binance","type":"trade","timestamp":1775904662735,"price":72821.67,"quantity":0.00547,"side":"buy"}
{"source":"binance","type":"trade","timestamp":1775904662874,"price":72821.67,"quantity":0.00365,"side":"buy"}
{"source":"binance","type":"trade","timestamp":1775904663059,"price":72821.66,"quantity":0.01268,"side":"sell"}
{"source":"binance","type":"trade","timestamp":1775904663467,"price":72821.66,"quantity":7e-05,"side":"sell"}
{"source":"binance","type":"trade","timestamp":1775904663467,"price":72821.66,"quantity":0.00129,"side":"sell"}
{"source":"binance","type":"trade","timestamp":1775904663467,"price":72821.66,"quantity":0.00015,"side":"sell"}
{"source":"binance","type":"trade","timestamp":1775904663467,"price":72821.66,"quantity":0.00145,"side":"sell"}
{"source":"binance","type":"trade","timestamp":1775904663468,"price":72821.66,"quantity":0.00296,"side":"sell"}
{"source":"binance","type":"trade","timestamp":1775904663525,"price":72821.66,"quantity":0.00947,"side":"sell"}
{"source":"binance","type":"trade","timestamp":1775904663525,"price":72821.66,"quantity":0.00015,"side":"sell"}
{"source":"binance","type":"trade","timestamp":1775904663525,"price":72821.66,"quantity":0.00015,"side":"sell"}
{"source":"binance","type":"trade","timestamp":1775904663525,"price":72821.66,"quantity":0.00167,"side":"sell"}
{"source":"binance","type":"trade","timestamp":1775904663525,"price":72821.66,"quantity":0.00673,"side":"sell"}
{"source":"binance","type":"trade","timestamp":1775904663525,"price":72821.66,"quantity":0.00069,"side":"sell"}
{"source":"binance","type":"trade","timestamp":1775904663525,"price":72821.66,"quantity":0.00047,"side":"sell"}
{"source":"binance","type":"trade","timestamp":1775904663525,"price":72821.66,"quantity":8e-05,"side":"sell"}
{"source":"binance","type":"trade","timestamp":1775904663525,"price":72821.66,"quantity":8e-05,"side":"sell"}
{"source":"binance","type":"trade","timestamp":1775904663525,"price":72821.66,"quantity":7e-05,"side":"sell"}
{"source":"binance","type":"trade","timestamp":1775904663525,"price":72821.66,"quantity":7e-05,"side":"sell"}
{"source":"binance","type":"trade","timestamp":1775904663525,"price":72821.66,"quantity":0.0001,"side":"sell"}
{"source":"binance","type":"trade","timestamp":1775904663525,"price":72821.66,"quantity":0.00439,"side":"sell"}
{"source":"binance","type":"trade","timestamp":1775904663525,"price":72821.66,"quantity":0.00439,"side":"sell"}
{"source":"binance","type":"trade","timestamp":1775904663525,"price":72821.66,"quantity":0.00071,"side":"sell"}
{"source":"binance","type":"trade","timestamp":1775904663525,"price":72821.66,"quantity":0.00634,"side":"sell"}
{"source":"binance","type":"trade","timestamp":1775904663525,"price":72821.66,"quantity":0.011,"side":"sell"}
{"source":"binance","type":"trade","timestamp":1775904663525,"price":72821.66,"quantity":0.00015,"side":"sell"}
{"source":"binance","type":"trade","timestamp":1775904663525,"price":72821.66,"quantity":0.00018,"side":"sell"}
{"source":"binance","type":"trade","timestamp":1775904663525,"price":72821.66,"quantity":9e-05,"side":"sell"}
{"source":"binance","type":"trade","timestamp":1775904663525,"price":72821.66,"quantity":0.00054,"side":"sell"}
{"source":"binance","type":"trade","timestamp":1775904663525,"price":72821.66,"quantity":0.00145,"side":"sell"}
{"source":"binance","type":"trade","timestamp":1775904663525,"price":72821.66,"quantity":8e-05,"side":"sell"}
{"source":"binance","type":"trade","timestamp":1775904663525,"price":72821.66,"quantity":8e-05,"side":"sell"}
{"source":"binance","type":"trade","timestamp":1775904663525,"price":72821.66,"quantity":8e-05,"side":"sell"}
{"source":"binance","type":"trade","timestamp":1775904663525,"price":72821.66,"quantity":8e-05,"side":"sell"}
{"source":"binance","type":"trade","timestamp":1775904663525,"price":72821.66,"quantity":8e-05,"side":"sell"}
{"source":"binance","type":"trade","timestamp":1775904663525,"price":72821.66,"quantity":7e-05,"side":"sell"}
{"source":"binance","type":"trade","timestamp":1775904663525,"price":72821.66,"quantity":0.0016,"side":"sell"}
{"source":"binance","type":"trade","timestamp":1775904663525,"price":72821.66,"quantity":8e-05,"side":"sell"}
{"source":"binance","type":"trade","timestamp":1775904663525,"price":72821.66,"quantity":8e-05,"side":"sell"}
{"source":"binance","type":"trade","timestamp":1775904663525,"price":72821.66,"quantity":8e-05,"side":"sell"}
{"source":"binance","type":"trade","timestamp":1775904663525,"price":72821.66,"quantity":0.0016,"side":"sell"}
{"source":"binance","type":"trade","timestamp":1775904663525,"price":72821.66,"quantity":8e-05,"side":"sell"}
{"source":"binance","type":"trade","timestamp":1775904663525,"price":72821.66,"quantity":7e-05,"side":"sell"}
{"source":"binance","type":"trade","timestamp":1775904663525,"price":72821.66,"quantity":7e-05,"side":"sell"}
{"source":"binance","type":"trade","timestamp":1775904663525,"price":72821.66,"quantity":7e-05,"side":"sell"}
{"source":"binance","type":"trade","timestamp":1775904663525,"price":72821.66,"quantity":7e-05,"side":"sell"}
{"source":"binance","type":"trade","timestamp":1775904663525,"price":72821.66,"quantity":7e-05,"side":"sell"}
{"source":"binance","type":"trade","timestamp":1775904663525,"price":72821.66,"quantity":7e-05,"side":"sell"}
{"source":"binance","type":"trade","timestamp":1775904663525,"price":72821.66,"quantity":7e-05,"side":"sell"}
{"source":"binance","type":"trade","timestamp":1775904663525,"price":72821.66,"quantity":7e-05,"side":"sell"}
{"source":"binance","type":"trade","timestamp":1775904663525,"price":72821.66,"quantity":7e-05,"side":"sell"}
{"source":"binance","type":"trade","timestamp":1775904663525,"price":72821.66,"quantity":7e-05,"side":"sell"}
{"source":"binance","type":"trade","timestamp":1775904663525,"price":72821.66,"quantity":7e-05,"side":"sell"}
{"source":"binance","type":"trade","timestamp":1775904663532,"price":72821.65,"quantity":0.05,"side":"sell"}
{"source":"binance","type":"trade","timestamp":1775904663532,"price":72821.65,"quantity":8e-05,"side":"sell"}
{"source":"binance","type":"trade","timestamp":1775904663532,"price":72821.65,"quantity":8e-05,"side":"sell"}
{"source":"binance","type":"trade","timestamp":1775904663532,"price":72821.65,"quantity":8e-05,"side":"sell"}
{"source":"binance","type":"trade","timestamp":1775904663532,"price":72821.65,"quantity":8e-05,"side":"sell"}
{"source":"binance","type":"trade","timestamp":1775904663532,"price":72821.65,"quantity":8e-05,"side":"sell"}
{"source":"binance","type":"trade","timestamp":1775904663532,"price":72821.65,"quantity":8e-05,"side":"sell"}
{"source":"binance","type":"trade","timestamp":1775904663532,"price":72821.65,"quantity":8e-05,"side":"sell"}
{"source":"binance","type":"trade","timestamp":1775904663532,"price":72821.65,"quantity":8e-05,"side":"sell"}
{"source":"binance","type":"trade","timestamp":1775904663532,"price":72821.65,"quantity":7e-05,"side":"sell"}
{"source":"binance","type":"trade","timestamp":1775904663532,"price":72821.65,"quantity":8e-05,"side":"sell"}
{"source":"binance","type":"trade","timestamp":1775904663532,"price":72821.65,"quantity":8e-05,"side":"sell"}
{"source":"binance","type":"trade","timestamp":1775904663532,"price":72821.65,"quantity":8e-05,"side":"sell"}
{"source":"binance","type":"trade","timestamp":1775904663532,"price":72821.65,"quantity":0.00015,"side":"sell"}
{"source":"binance","type":"trade","timestamp":1775904663532,"price":72821.65,"quantity":8e-05,"side":"sell"}
{"source":"binance","type":"trade","timestamp":1775904663532,"price":72821.65,"quantity":8e-05,"side":"sell"}
{"source":"binance","type":"trade","timestamp":1775904663532,"price":72821.65,"quantity":8e-05,"side":"sell"}
{"source":"binance","type":"trade","timestamp":1775904663532,"price":72821.65,"quantity":7e-05,"side":"sell"}
{"source":"binance","type":"trade","timestamp":1775904663532,"price":72821.64,"quantity":0.03743,"side":"sell"}
{"source":"binance","type":"trade","timestamp":1775904663532,"price":72821.64,"quantity":0.00017,"side":"sell"}
{"source":"binance","type":"trade","timestamp":1775904663532,"price":72821.64,"quantity":8e-05,"side":"sell"}
{"source":"binance","type":"trade","timestamp":1775904663532,"price":72821.61,"quantity":8e-05,"side":"sell"}
{"source":"binance","type":"trade","timestamp":1775904663532,"price":72821.61,"quantity":8e-05,"side":"sell"}
{"source":"binance","type":"trade","timestamp":1775904663532,"price":72821.61,"quantity":8e-05,"side":"sell"}
{"source":"binance","type":"trade","timestamp":1775904663532,"price":72821.61,"quantity":8e-05,"side":"sell"}
{"source":"binance","type":"trade","timestamp":1775904663532,"price":72821.6,"quantity":0.02715,"side":"sell"}
{"source":"binance","type":"trade","timestamp":1775904663532,"price":72821.6,"quantity":0.0039,"side":"sell"}
{"source":"binance","type":"trade","timestamp":1775904663532,"price":72821.6,"quantity":0.0039,"side":"sell"}
{"source":"binance","type":"trade","timestamp":1775904663536,"price":72821.6,"quantity":0.00283,"side":"sell"}
{"source":"binance","type":"trade","timestamp":1775904663536,"price":72821.6,"quantity":0.01222,"side":"sell"}
{"source":"binance","type":"trade","timestamp":1775904663536,"price":72821.6,"quantity":8e-05,"side":"sell"}
{"source":"binance","type":"trade","timestamp":1775904663536,"price":72821.6,"quantity":8e-05,"side":"sell"}
{"source":"binance","type":"trade","timestamp":1775904663536,"price":72821.6,"quantity":8e-05,"side":"sell"}
{"source":"binance","type":"trade","timestamp":1775904663536,"price":72821.6,"quantity":8e-05,"side":"sell"}
{"source":"binance","type":"trade","timestamp":1775904663536,"price":72821.6,"quantity":8e-05,"side":"sell"}
{"source":"binance","type":"trade","timestamp":1775904663536,"price":72821.6,"quantity":0.00015,"side":"sell"}
{"source":"binance","type":"trade","timestamp":1775904663536,"price":72821.6,"quantity":7e-05,"side":"sell"}
{"source":"binance","type":"trade","timestamp":1775904663536,"price":72821.6,"quantity":8e-05,"side":"sell"}
{"source":"binance","type":"trade","timestamp":1775904663536,"price":72821.6,"quantity":7e-05,"side":"sell"}
{"source":"binance","type":"trade","timestamp":1775904663536,"price":72821.59,"quantity":8e-05,"side":"sell"}
{"source":"binance","type":"trade","timestamp":1775904663537,"price":72819.81,"quantity":0.00024,"side":"sell"}
{"source":"binance","type":"trade","timestamp":1775904663537,"price":72819.8,"quantity":7e-05,"side":"sell"}
{"source":"binance","type":"trade","timestamp":1775904663537,"price":72819.1,"quantity":8e-05,"side":"sell"}
{"source":"binance","type":"trade","timestamp":1775904663537,"price":72817.84,"quantity":8e-05,"side":"sell"}
{"source":"binance","type":"trade","timestamp":1775904663537,"price":72817.84,"quantity":8e-05,"side":"sell"}
{"source":"binance","type":"trade","timestamp":1775904663537,"price":72817.84,"quantity":8e-05,"side":"sell"}
{"source":"binance","type":"trade","timestamp":1775904663537,"price":72817.84,"quantity":8e-05,"side":"sell"}
{"source":"binance","type":"trade","timestamp":1775904663537,"price":72817.25,"quantity":0.00212,"side":"sell"}
{"source":"binance","type":"trade","timestamp":1775904663676,"price":72817.25,"quantity":7e-05,"side":"sell"}
{"source":"binance","type":"trade","timestamp":1775904663676,"price":72817.25,"quantity":8e-05,"side":"sell"}
{"source":"binance","type":"trade","timestamp":1775904663676,"price":72817.25,"quantity":8e-05,"side":"sell"}
{"source":"binance","type":"trade","timestamp":1775904663676,"price":72817.25,"quantity":8e-05,"side":"sell"}
{"source":"binance","type":"trade","timestamp":1775904663676,"price":72817.25,"quantity":8e-05,"side":"sell"}
{"source":"binance","type":"trade","timestamp":1775904663676,"price":72817.25,"quantity":7e-05,"side":"sell"}
{"source":"binance","type":"trade","timestamp":1775904663676,"price":72817.25,"quantity":8e-05,"side":"sell"}
{"source":"binance","type":"trade","timestamp":1775904663676,"price":72817.25,"quantity":8e-05,"side":"sell"}
{"source":"binance","type":"trade","timestamp":1775904663676,"price":72817.25,"quantity":8e-05,"side":"sell"}
{"source":"binance","type":"trade","timestamp":1775904663676,"price":72817.25,"quantity":0.00015,"side":"sell"}
{"source":"binance","type":"trade","timestamp":1775904663676,"price":72817.25,"quantity":7e-05,"side":"sell"}
{"source":"binance","type":"trade","timestamp":1775904663676,"price":72817.25,"quantity":8e-05,"side":"sell"}
{"source":"binance","type":"trade","timestamp":1775904663676,"price":72817.25,"quantity":8e-05,"side":"sell"}
{"source":"binance","type":"trade","timestamp":1775904663676,"price":72817.25,"quantity":8e-05,"side":"sell"}
{"source":"binance","type":"trade","timestamp":1775904663676,"price":72817.25,"quantity":8e-05,"side":"sell"}
{"source":"binance","type":"trade","timestamp":1775904663676,"price":72817.25,"quantity":0.00015,"side":"sell"}
{"source":"binance","type":"trade","timestamp":1775904663676,"price":72817.25,"quantity":0.00015,"side":"sell"}
{"source":"binance","type":"trade","timestamp":1775904663676,"price":72817.25,"quantity":7e-05,"side":"sell"}
{"source":"binance","type":"trade","timestamp":1775904663676,"price":72817.25,"quantity":8e-05,"side":"sell"}
{"source":"binance","type":"trade","timestamp":1775904663676,"price":72817.25,"quantity":0.00649,"side":"sell"}
{"source":"binance","type":"trade","timestamp":1775904663676,"price":72817.25,"quantity":8e-05,"side":"sell"}
{"source":"binance","type":"trade","timestamp":1775904663676,"price":72817.25,"quantity":7e-05,"side":"sell"}
{"source":"binance","type":"trade","timestamp":1775904663676,"price":72817.25,"quantity":7e-05,"side":"sell"}
{"source":"binance","type":"trade","timestamp":1775904663676,"price":72817.25,"quantity":7e-05,"side":"sell"}
{"source":"binance","type":"trade","timestamp":1775904663676,"price":72817.25,"quantity":7e-05,"side":"sell"}
{"source":"binance","type":"trade","timestamp":1775904663676,"price":72817.25,"quantity":7e-05,"side":"sell"}
{"source":"binance","type":"trade","timestamp":1775904663676,"price":72817.25,"quantity":7e-05,"side":"sell"}
{"source":"binance","type":"trade","timestamp":1775904663676,"price":72817.25,"quantity":7e-05,"side":"sell"}
{"source":"binance","type":"trade","timestamp":1775904663676,"price":72817.25,"quantity":7e-05,"side":"sell"}
{"source":"binance","type":"trade","timestamp":1775904663676,"price":72817.25,"quantity":7e-05,"side":"sell"}
{"source":"binance","type":"trade","timestamp":1775904663676,"price":72817.25,"quantity":7e-05,"side":"sell"}
{"source":"binance","type":"trade","timestamp":1775904663676,"price":72817.25,"quantity":7e-05,"side":"sell"}
{"source":"binance","type":"trade","timestamp":1775904663676,"price":72817.25,"quantity":7e-05,"side":"sell"}
{"source":"binance","type":"trade","timestamp":1775904663729,"price":72817.24,"quantity":8e-05,"side":"sell"}
{"source":"binance","type":"trade","timestamp":1775904663729,"price":72817.24,"quantity":8e-05,"side":"sell"}
{"source":"binance","type":"trade","timestamp":1775904663729,"price":72817.24,"quantity":8e-05,"side":"sell"}
{"source":"binance","type":"trade","timestamp":1775904663729,"price":72817.24,"quantity":8e-05,"side":"sell"}
{"source":"binance","type":"trade","timestamp":1775904663729,"price":72817.24,"quantity":8e-05,"side":"sell"}
{"source":"binance","type":"trade","timestamp":1775904663729,"price":72817.24,"quantity":8e-05,"side":"sell"}
{"source":"binance","type":"trade","timestamp":1775904663729,"price":72817.24,"quantity":8e-05,"side":"sell"}
{"source":"binance","type":"trade","timestamp":1775904663729,"price":72817.24,"quantity":8e-05,"side":"sell"}
{"source":"binance","type":"trade","timestamp":1775904663729,"price":72817.24,"quantity":8e-05,"side":"sell"}
{"source":"binance","type":"trade","timestamp":1775904663729,"price":72817.24,"quantity":8e-05,"side":"sell"}
{"source":"binance","type":"trade","timestamp":1775904663729,"price":72817.24,"quantity":8e-05,"side":"sell"}
{"source":"binance","type":"trade","timestamp":1775904663729,"price":72817.24,"quantity":8e-05,"side":"sell"}
{"source":"binance","type":"trade","timestamp":1775904663729,"price":72817.24,"quantity":7e-05,"side":"sell"}
{"source":"binance","type":"trade","timestamp":1775904663729,"price":72817.24,"quantity":0.00015,"side":"sell"}
{"source":"binance","type":"trade","timestamp":1775904663729,"price":72817.24,"quantity":8e-05,"side":"sell"}
{"source":"binance","type":"trade","timestamp":1775904663729,"price":72817.24,"quantity":8e-05,"side":"sell"}
{"source":"binance","type":"trade","timestamp":1775904663729,"price":72817.24,"quantity":8e-05,"side":"sell"}
{"source":"binance","type":"trade","timestamp":1775904663729,"price":72817.24,"quantity":8e-05,"side":"sell"}
{"source":"binance","type":"trade","timestamp":1775904663729,"price":72817.24,"quantity":0.00578,"side":"sell"}
{"source":"binance","type":"trade","timestamp":1775904663729,"price":72817.24,"quantity":8e-05,"side":"sell"}
{"source":"binance","type":"trade","timestamp":1775904663729,"price":72817.24,"quantity":8e-05,"side":"sell"}
{"source":"binance","type":"trade","timestamp":1775904663729,"price":72817.24,"quantity":8e-05,"side":"sell"}
{"source":"binance","type":"trade","timestamp":1775904663729,"price":72817.24,"quantity":7e-05,"side":"sell"}
{"source":"binance","type":"trade","timestamp":1775904663729,"price":72817.23,"quantity":0.01462,"side":"sell"}
{"source":"binance","type":"trade","timestamp":1775904663729,"price":72817.23,"quantity":8e-05,"side":"sell"}
{"source":"binance","type":"trade","timestamp":1775904663729,"price":72817.23,"quantity":8e-05,"side":"sell"}
{"source":"binance","type":"trade","timestamp":1775904663729,"price":72817.23,"quantity":8e-05,"side":"sell"}
{"source":"binance","type":"trade","timestamp":1775904663729,"price":72817.19,"quantity":7e-05,"side":"sell"}
{"source":"binance","type":"trade","timestamp":1775904663729,"price":72817.19,"quantity":7e-05,"side":"sell"}
{"source":"binance","type":"trade","timestamp":1775904663729,"price":72817.19,"quantity":7e-05,"side":"sell"}
{"source":"binance","type":"trade","timestamp":1775904663729,"price":72817.19,"quantity":7e-05,"side":"sell"}
{"source":"binance","type":"trade","timestamp":1775904663729,"price":72817.19,"quantity":7e-05,"side":"sell"}
{"source":"binance","type":"trade","timestamp":1775904663729,"price":72816.91,"quantity":8e-05,"side":"sell"}
{"source":"binance","type":"trade","timestamp":1775904663729,"price":72816.26,"quantity":8e-05,"side":"sell"}
{"source":"binance","type":"trade","timestamp":1775904663729,"price":72816.26,"quantity":8e-05,"side":"sell"}
{"source":"binance","type":"trade","timestamp":1775904663729,"price":72816.26,"quantity":8e-05,"side":"sell"}
{"source":"binance","type":"trade","timestamp":1775904663729,"price":72816.26,"quantity":8e-05,"side":"sell"}
{"source":"binance","type":"trade","timestamp":1775904663729,"price":72816.25,"quantity":0.012,"side":"sell"}
{"source":"binance","type":"trade","timestamp":1775904663729,"price":72816.24,"quantity":7e-05,"side":"sell"}
{"source":"binance","type":"trade","timestamp":1775904663729,"price":72816.0,"quantity":0.0004,"side":"sell"}
{"source":"binance","type":"trade","timestamp":1775904663729,"price":72815.77,"quantity":7e-05,"side":"sell"}
{"source":"binance","type":"trade","timestamp":1775904663729,"price":72815.69,"quantity":0.00024,"side":"sell"}
{"source":"binance","type":"trade","timestamp":1775904663729,"price":72815.61,"quantity":8e-05,"side":"sell"}
{"source":"binance","type":"trade","timestamp":1775904663729,"price":72814.94,"quantity":8e-05,"side":"sell"}
{"source":"binance","type":"trade","timestamp":1775904663729,"price":72814.94,"quantity":8e-05,"side":"sell"}
{"source":"binance","type":"trade","timestamp":1775904663729,"price":72814.94,"quantity":8e-05,"side":"sell"}
{"source":"binance","type":"trade","timestamp":1775904663729,"price":72814.94,"quantity":8e-05,"side":"sell"}
{"source":"binance","type":"trade","timestamp":1775904663740,"price":72814.93,"quantity":0.00181,"side":"sell"}
{"source":"binance","type":"trade","timestamp":1775904664613,"price":72814.94,"quantity":0.00016,"side":"buy"}
{"source":"binance","type":"trade","timestamp":1775904664767,"price":72814.93,"quantity":0.00164,"side":"sell"}
{"source":"binance","type":"trade","timestamp":1775904665053,"price":72814.94,"quantity":0.00087,"side":"buy"}
{"source":"binance","type":"trade","timestamp":1775904665091,"price":72814.94,"quantity":0.23053,"side":"buy"}
{"source":"binance","type":"trade","timestamp":1775904665091,"price":72814.94,"quantity":0.00299,"side":"buy"}
{"source":"binance","type":"trade","timestamp":1775904666530,"price":72814.94,"quantity":0.00206,"side":"buy"}
{"source":"binance","type":"trade","timestamp":1775904667917,"price":72814.94,"quantity":7e-05,"side":"buy"}
{"source":"binance","type":"trade","timestamp":1775904667917,"price":72814.94,"quantity":1e-05,"side":"buy"}
{"source":"binance","type":"trade","timestamp":1775904668023,"price":72814.93,"quantity":0.00028,"side":"sell"}
{"source":"binance","type":"trade","timestamp":1775904668094,"price":72814.94,"quantity":0.00014,"side":"buy"}
{"source":"binance","type":"trade","timestamp":1775904668094,"price":72814.94,"quantity":1e-05,"side":"buy"}
{"source":"binance","type":"trade","timestamp":1775904668318,"price":72814.93,"quantity":0.00592,"side":"sell"}
{"source":"binance","type":"trade","timestamp":1775904668445,"price":72814.94,"quantity":0.00015,"side":"buy"}
{"source":"binance","type":"trade","timestamp":1775904668445,"price":72814.94,"quantity":0.00011,"side":"buy"}
{"source":"binance","type":"trade","timestamp":1775904669138,"price":72814.93,"quantity":0.00027,"side":"sell"}
{"source":"binance","type":"trade","timestamp":1775904669141,"price":72814.94,"quantity":4e-05,"side":"buy"}
{"source":"binance","type":"trade","timestamp":1775904669141,"price":72814.94,"quantity":0.00384,"side":"buy"}
{"source":"binance","type":"trade","timestamp":1775904669141,"price":72814.94,"quantity":0.00015,"side":"buy"}
{"source":"binance","type":"trade","timestamp":1775904669141,"price":72814.94,"quantity":3e-05,"side":"buy"}
{"source":"binance","type":"trade","timestamp":1775904669328,"price":72814.93,"quantity":0.00181,"side":"sell"}
{"source":"binance","type":"trade","timestamp":1775904670238,"price":72814.93,"quantity":0.01577,"side":"sell"}
{"source":"binance","type":"trade","timestamp":1775904670457,"price":72814.93,"quantity":0.00171,"side":"sell"}
{"source":"binance","type":"trade","timestamp":1775904670459,"price":72814.93,"quantity":0.00199,"side":"sell"}
{"source":"binance","type":"trade","timestamp":1775904670920,"price":72814.94,"quantity":0.00012,"side":"buy"}
{"source":"binance","type":"trade","timestamp":1775904670920,"price":72814.94,"quantity":7e-05,"side":"buy"}
{"source":"binance","type":"trade","timestamp":1775904670920,"price":72814.94,"quantity":0.00048,"side":"buy"}
{"source":"binance","type":"trade","timestamp":1775904670920,"price":72814.94,"quantity":0.0007,"side":"buy"}
{"source":"binance","type":"trade","timestamp":1775904670920,"price":72814.94,"quantity":0.00015,"side":"buy"}
{"source":"binance","type":"trade","timestamp":1775904670920,"price":72814.94,"quantity":8e-05,"side":"buy"}
{"source":"binance","type":"trade","timestamp":1775904670920,"price":72814.94,"quantity":8e-05,"side":"buy"}
{"source":"binance","type":"trade","timestamp":1775904670920,"price":72814.94,"quantity":8e-05,"side":"buy"}
{"source":"binance","type":"trade","timestamp":1775904670920,"price":72814.94,"quantity":8e-05,"side":"buy"}
{"source":"binance","type":"trade","timestamp":1775904670920,"price":72814.94,"quantity":0.00641,"side":"buy"}
{"source":"binance","type":"trade","timestamp":1775904671025,"price":72814.93,"quantity":0.00031,"side":"sell"}
{"source":"binance","type":"trade","timestamp":1775904671577,"price":72814.93,"quantity":0.00573,"side":"sell"}
{"source":"binance","type":"trade","timestamp":1775904674572,"price":72814.94,"quantity":0.0001,"side":"buy"}
{"source":"binance","type":"trade","timestamp":1775904674826,"price":72814.94,"quantity":9e-05,"side":"buy"}
{"source":"binance","type":"trade","timestamp":1775904675615,"price":72814.93,"quantity":0.00181,"side":"sell"}
{"source":"binance","type":"trade","timestamp":1775904675638,"price":72814.93,"quantity":0.00053,"side":"sell"}
{"source":"binance","type":"trade","timestamp":1775904679512,"price":72814.94,"quantity":0.00028,"side":"buy"}
{"source":"binance","type":"trade","timestamp":1775904679764,"price":72814.94,"quantity":0.00387,"side":"buy"}
{"source":"binance","type":"trade","timestamp":1775904679788,"price":72814.94,"quantity":0.00034,"side":"buy"}
{"source":"binance","type":"trade","timestamp":1775904680444,"price":72814.94,"quantity":0.00011,"side":"buy"}
{"source":"binance","type":"trade","timestamp":1775904681111,"price":72814.93,"quantity":0.001,"side":"sell"}
{"source":"binance","type":"trade","timestamp":1775904681902,"price":72814.93,"quantity":0.00181,"side":"sell"}
{"source":"binance","type":"trade","timestamp":1775904682855,"price":72814.94,"quantity":0.00027,"side":"buy"}
{"source":"binance","type":"trade","timestamp":1775904682943,"price":72814.93,"quantity":0.00129,"side":"sell"}
{"source":"binance","type":"trade","timestamp":1775904683390,"price":72814.94,"quantity":0.00012,"side":"buy"}
{"source":"binance","type":"trade","timestamp":1775904683490,"price":72814.93,"quantity":9e-05,"side":"sell"}
{"source":"binance","type":"trade","timestamp":1775904684175,"price":72814.93,"quantity":0.00012,"side":"sell"}
{"source":"binance","type":"trade","timestamp":1775904687037,"price":72814.93,"quantity":0.00118,"side":"sell"}
{"source":"binance","type":"trade","timestamp":1775904687598,"price":72814.93,"quantity":0.00181,"side":"sell"}
{"source":"binance","type":"trade","timestamp":1775904688117,"price":72814.94,"quantity":0.01151,"side":"buy"}
{"source":"binance","type":"trade","timestamp":1775904688117,"price":72814.94,"quantity":0.01595,"side":"buy"}
{"source":"binance","type":"trade","timestamp":1775904690440,"price":72814.94,"quantity":0.00063,"side":"buy"}
{"source":"binance","type":"trade","timestamp":1775904690790,"price":72814.93,"quantity":0.00014,"side":"sell"}
{"source":"binance","type":"trade","timestamp":1775904691024,"price":72814.93,"quantity":9e-05,"side":"sell"}
{"source":"binance","type":"trade","timestamp":1775904691230,"price":72814.93,"quantity":0.00097,"side":"sell"}
{"source":"binance","type":"trade","timestamp":1775904691278,"price":72814.94,"quantity":0.00016,"side":"buy"}
{"source":"binance","type":"trade","timestamp":1775904693993,"price":72814.93,"quantity":0.00181,"side":"sell"}
{"source":"binance","type":"trade","timestamp":1775904697634,"price":72814.94,"quantity":0.00048,"side":"buy"}
{"source":"binance","type":"trade","timestamp":1775904697978,"price":72814.94,"quantity":8e-05,"side":"buy"}
{"source":"binance","type":"trade","timestamp":1775904698841,"price":72814.93,"quantity":0.00291,"side":"sell"}
{"source":"binance","type":"trade","timestamp":1775904698896,"price":72814.94,"quantity":0.00157,"side":"buy"}
{"source":"binance","type":"trade","timestamp":1775904699291,"price":72814.93,"quantity":0.00923,"side":"sell"}
{"source":"binance","type":"trade","timestamp":1775904699415,"price":72814.94,"quantity":8e-05,"side":"buy"}
{"source":"binance","type":"trade","timestamp":1775904699415,"price":72814.94,"quantity":0.01364,"side":"buy"}
{"source":"binance","type":"trade","timestamp":1775904699485,"price":72814.93,"quantity":0.00497,"side":"sell"}
{"source":"binance","type":"trade","timestamp":1775904699485,"price":72814.93,"quantity":7e-05,"side":"sell"}
{"source":"binance","type":"trade","timestamp":1775904699485,"price":72814.93,"quantity":0.01398,"side":"sell"}
{"source":"binance","type":"trade","timestamp":1775904699788,"price":72814.93,"quantity":8e-05,"side":"sell"}
{"source":"binance","type":"trade","timestamp":1775904700676,"price":72814.93,"quantity":0.00181,"side":"sell"}
{"source":"binance","type":"trade","timestamp":1775904704760,"price":72814.93,"quantity":0.01113,"side":"sell"}
{"source":"binance","type":"trade","timestamp":1775904704844,"price":72814.94,"quantity":0.00014,"side":"buy"}
{"source":"binance","type":"trade","timestamp":1775904705380,"price":72814.93,"quantity":0.0016,"side":"sell"}
{"source":"binance","type":"trade","timestamp":1775904706000,"price":72814.93,"quantity":0.00166,"side":"sell"}
{"source":"binance","type":"trade","timestamp":1775904706157,"price":72814.94,"quantity":0.00011,"side":"buy"}
{"source":"binance","type":"trade","timestamp":1775904706275,"price":72814.93,"quantity":0.00181,"side":"sell"}
{"source":"binance","type":"trade","timestamp":1775904709138,"price":72814.93,"quantity":0.00022,"side":"sell"}
{"source":"binance","type":"trade","timestamp":1775904709289,"price":72814.94,"quantity":0.00057,"side":"buy"}
{"source":"binance","type":"trade","timestamp":1775904711200,"price":72814.94,"quantity":0.00104,"side":"buy"}
{"source":"binance","type":"trade","timestamp":1775904711200,"price":72814.94,"quantity":8e-05,"side":"buy"}
{"source":"binance","type":"trade","timestamp":1775904711200,"price":72814.94,"quantity":7e-05,"side":"buy"}
{"source":"binance","type":"trade","timestamp":1775904711200,"price":72814.94,"quantity":7e-05,"side":"buy"}
{"source":"binance","type":"trade","timestamp":1775904711200,"price":72814.94,"quantity":0.00594,"side":"buy"}
{"source":"binance","type":"trade","timestamp":1775904711200,"price":72814.94,"quantity":8e-05,"side":"buy"}
{"source":"binance","type":"trade","timestamp":1775904711200,"price":72814.94,"quantity":7e-05,"side":"buy"}
{"source":"binance","type":"trade","timestamp":1775904711200,"price":72814.94,"quantity":7e-05,"side":"buy"}
{"source":"binance","type":"trade","timestamp":1775904711200,"price":72814.94,"quantity":0.00015,"side":"buy"}
{"source":"binance","type":"trade","timestamp":1775904711200,"price":72814.94,"quantity":8e-05,"side":"buy"}
{"source":"binance","type":"trade","timestamp":1775904711200,"price":72814.94,"quantity":7e-05,"side":"buy"}
{"source":"binance","type":"trade","timestamp":1775904711200,"price":72814.94,"quantity":8e-05,"side":"buy"}
{"source":"binance","type":"trade","timestamp":1775904711200,"price":72814.94,"quantity":0.00015,"side":"buy"}
{"source":"binance","type":"trade","timestamp":1775904711200,"price":72814.94,"quantity":0.00015,"side":"buy"}
{"source":"binance","type":"trade","timestamp":1775904711200,"price":72814.94,"quantity":0.00015,"side":"buy"}
{"source":"binance","type":"trade","timestamp":1775904711200,"price":72814.94,"quantity":0.00015,"side":"buy"}
{"source":"binance","type":"trade","timestamp":1775904711200,"price":72814.94,"quantity":0.00439,"side":"buy"}
{"source":"binance","type":"trade","timestamp":1775904711200,"price":72814.94,"quantity":0.00439,"side":"buy"}
{"source":"binance","type":"trade","timestamp":1775904711200,"price":72814.94,"quantity":8e-05,"side":"buy"}
{"source":"binance","type":"trade","timestamp":1775904711200,"price":72814.94,"quantity":8e-05,"side":"buy"}
{"source":"binance","type":"trade","timestamp":1775904711200,"price":72814.94,"quantity":0.01031,"side":"buy"}
{"source":"binance","type":"trade","timestamp":1775904711975,"price":72814.94,"quantity":0.00133,"side":"buy"}
{"source":"binance","type":"trade","timestamp":1775904712270,"price":72814.94,"quantity":0.00138,"side":"buy"}
{"source":"binance","type":"trade","timestamp":1775904712560,"price":72814.93,"quantity":0.00181,"side":"sell"}
{"source":"binance","type":"trade","timestamp":1775904713391,"price":72814.94,"quantity":6e-05,"side":"buy"}
{"source":"binance","type":"trade","timestamp":1775904714595,"price":72814.93,"quantity":0.00206,"side":"sell"}
{"source":"binance","type":"trade","timestamp":1775904715017,"price":72814.93,"quantity":0.00036,"side":"sell"}
{"source":"binance","type":"trade","timestamp":1775904715154,"price":72814.94,"quantity":0.00042,"side":"buy"}
{"source":"binance","type":"trade","timestamp":1775904717246,"price":72814.94,"quantity":0.00014,"side":"buy"}
{"source":"binance","type":"trade","timestamp":1775904717319,"price":72814.94,"quantity":0.00058,"side":"buy"}
{"source":"binance","type":"trade","timestamp":1775904717319,"price":72814.94,"quantity":8e-05,"side":"buy"}
{"source":"binance","type":"trade","timestamp":1775904717319,"price":72814.94,"quantity":8e-05,"side":"buy"}
{"source":"binance","type":"trade","timestamp":1775904717319,"price":72814.94,"quantity":0.00063,"side":"buy"}
{"source":"binance","type":"trade","timestamp":1775904718591,"price":72814.93,"quantity":0.0002,"side":"sell"}
{"source":"binance","type":"trade","timestamp":1775904719187,"price":72814.93,"quantity":0.0002,"side":"sell"}
{"source":"binance","type":"trade","timestamp":1775904719188,"price":72814.94,"quantity":0.006,"side":"buy"}
{"source":"binance","type":"trade","timestamp":1775904719247,"price":72814.94,"quantity":0.00467,"side":"buy"}
{"source":"binance","type":"trade","timestamp":1775904719295,"price":72814.93,"quantity":0.00013,"side":"sell"}
{"source":"binance","type":"trade","timestamp":1775904720321,"price":72814.93,"quantity":0.00013,"side":"sell"}
{"source":"binance","type":"trade","timestamp":1775904721147,"price":72814.94,"quantity":0.0002,"side":"buy"}
{"source":"binance","type":"trade","timestamp":1775904722046,"price":72814.94,"quantity":0.00191,"side":"buy"}
{"source":"binance","type":"trade","timestamp":1775904722380,"price":72814.93,"quantity":0.00079,"side":"sell"}
{"source":"binance","type":"trade","timestamp":1775904722671,"price":72814.93,"quantity":0.09248,"side":"sell"}
{"source":"binance","type":"trade","timestamp":1775904722671,"price":72814.93,"quantity":0.00015,"side":"sell"}
{"source":"binance","type":"trade","timestamp":1775904722671,"price":72814.93,"quantity":0.13377,"side":"sell"}
{"source":"binance","type":"trade","timestamp":1775904722671,"price":72814.93,"quantity":0.00015,"side":"sell"}
{"source":"binance","type":"trade","timestamp":1775904722671,"price":72814.93,"quantity":0.00015,"side":"sell"}
{"source":"binance","type":"trade","timestamp":1775904722671,"price":72814.93,"quantity":7e-05,"side":"sell"}
{"source":"binance","type":"trade","timestamp":1775904722671,"price":72814.93,"quantity":0.30018,"side":"sell"}
{"source":"binance","type":"trade","timestamp":1775904723713,"price":72814.93,"quantity":0.00034,"side":"sell"}
{"source":"binance","type":"trade","timestamp":1775904723875,"price":72814.94,"quantity":0.00019,"side":"buy"}
{"source":"binance","type":"trade","timestamp":1775904723875,"price":72814.94,"quantity":0.00135,"side":"buy"}
{"source":"binance","type":"trade","timestamp":1775904724146,"price":72814.94,"quantity":8e-05,"side":"buy"}
{"source":"binance","type":"trade","timestamp":1775904724280,"price":72814.94,"quantity":0.00097,"side":"buy"}
{"source":"binance","type":"trade","timestamp":1775904724280,"price":72814.94,"quantity":0.00587,"side":"buy"}
{"source":"binance","type":"trade","timestamp":1775904724753,"price":72814.93,"quantity":0.00181,"side":"sell"}
{"source":"binance","type":"trade","timestamp":1775904727454,"price":72814.93,"quantity":8e-05,"side":"sell"}
{"source":"binance","type":"trade","timestamp":1775904728027,"price":72814.94,"quantity":0.00013,"side":"buy"}
{"source":"binance","type":"trade","timestamp":1775904728047,"price":72814.93,"quantity":0.00067,"side":"sell"}
{"source":"binance","type":"trade","timestamp":1775904728382,"price":72814.94,"quantity":0.00274,"side":"buy"}
{"source":"binance","type":"trade","timestamp":1775904728806,"price":72814.94,"quantity":8e-05,"side":"buy"}
{"source":"binance","type":"trade","timestamp":1775904729712,"price":72814.94,"quantity":0.00045,"side":"buy"}
{"source":"binance","type":"trade","timestamp":1775904730269,"price":72814.94,"quantity":0.00081,"side":"buy"}
{"source":"binance","type":"trade","timestamp":1775904730588,"price":72814.93,"quantity":0.05,"side":"sell"}
{"source":"binance","type":"trade","timestamp":1775904730751,"price":72814.94,"quantity":0.00011,"side":"buy"}
{"source":"binance","type":"trade","timestamp":1775904731539,"price":72814.93,"quantity":0.00181,"side":"sell"}
{"source":"binance","type":"trade","timestamp":1775904733999,"price":72814.94,"quantity":0.00022,"side":"buy"}
{"source":"binance","type":"trade","timestamp":1775904734640,"price":72814.93,"quantity":0.0001,"side":"sell"}
{"source":"binance","type":"trade","timestamp":1775904735028,"price":72814.93,"quantity":0.00032,"side":"sell"}
{"source":"binance","type":"trade","timestamp":1775904735083,"price":72814.93,"quantity":0.0012,"side":"sell"}
{"source":"binance","type":"trade","timestamp":1775904735369,"price":72814.94,"quantity":0.00014,"side":"buy"}
{"source":"binance","type":"trade","timestamp":1775904735376,"price":72814.94,"quantity":0.00013,"side":"buy"}
{"source":"binance","type":"trade","timestamp":1775904735585,"price":72814.94,"quantity":0.00014,"side":"buy"}
{"source":"binance","type":"trade","timestamp":1775904736102,"price":72814.94,"quantity":9e-05,"side":"buy"}
{"source":"binance","type":"trade","timestamp":1775904736155,"price":72814.94,"quantity":8e-05,"side":"buy"}
{"source":"binance","type":"trade","timestamp":1775904736184,"price":72814.94,"quantity":0.00015,"side":"buy"}
{"source":"binance","type":"trade","timestamp":1775904736187,"price":72814.94,"quantity":0.00014,"side":"buy"}
{"source":"binance","type":"trade","timestamp":1775904736885,"price":72814.94,"quantity":0.00041,"side":"buy"}
{"source":"binance","type":"trade","timestamp":1775904737134,"price":72814.94,"quantity":0.0024,"side":"buy"}
{"source":"binance","type":"trade","timestamp":1775904737527,"price":72814.93,"quantity":0.00181,"side":"sell"}
{"source":"binance","type":"trade","timestamp":1775904737547,"price":72814.94,"quantity":0.00014,"side":"buy"}
{"source":"binance","type":"trade","timestamp":1775904738496,"price":72814.94,"quantity":0.00014,"side":"buy"}
{"source":"binance","type":"trade","timestamp":1775904739126,"price":72814.93,"quantity":0.00033,"side":"sell"}
{"source":"binance","type":"trade","timestamp":1775904740923,"price":72814.93,"quantity":0.00013,"side":"sell"}
{"source":"binance","type":"trade","timestamp":1775904742475,"price":72814.93,"quantity":0.05692,"side":"sell"}
{"source":"binance","type":"trade","timestamp":1775904742475,"price":72814.93,"quantity":0.00633,"side":"sell"}
{"source":"binance","type":"trade","timestamp":1775904742475,"price":72814.93,"quantity":0.00015,"side":"sell"}
{"source":"binance","type":"trade","timestamp":1775904742475,"price":72814.93,"quantity":0.00526,"side":"sell"}
{"source":"binance","type":"trade","timestamp":1775904742874,"price":72814.94,"quantity":0.00028,"side":"buy"}
{"source":"binance","type":"trade","timestamp":1775904743370,"price":72814.94,"quantity":0.00016,"side":"buy"}
{"source":"binance","type":"trade","timestamp":1775904743917,"price":72814.93,"quantity":0.00181,"side":"sell"}
{"source":"binance","type":"trade","timestamp":1775904744376,"price":72814.94,"quantity":8e-05,"side":"buy"}
{"source":"binance","type":"trade","timestamp":1775904745474,"price":72814.94,"quantity":0.00548,"side":"buy"}
{"source":"binance","type":"trade","timestamp":1775904746150,"price":72814.94,"quantity":0.0001,"side":"buy"}
{"source":"binance","type":"trade","timestamp":1775904746395,"price":72814.93,"quantity":0.0007,"side":"sell"}
{"source":"binance","type":"trade","timestamp":1775904747529,"price":72814.94,"quantity":0.0003,"side":"buy"}
{"source":"binance","type":"trade","timestamp":1775904749128,"price":72814.94,"quantity":0.00015,"side":"buy"}
{"source":"binance","type":"trade","timestamp":1775904749138,"price":72814.93,"quantity":0.00018,"side":"sell"}
{"source":"binance","type":"trade","timestamp":1775904750109,"price":72814.93,"quantity":0.00181,"side":"sell"}
{"source":"binance","type":"trade","timestamp":1775904751547,"price":72814.94,"quantity":0.0003,"side":"buy"}
{"source":"binance","type":"trade","timestamp":1775904753454,"price":72814.93,"quantity":0.001,"side":"sell"}
{"source":"binance","type":"trade","timestamp":1775904755049,"price":72814.93,"quantity":0.00029,"side":"sell"}
{"source":"binance","type":"trade","timestamp":1775904755070,"price":72814.93,"quantity":0.01109,"side":"sell"}
{"source":"binance","type":"trade","timestamp":1775904756766,"price":72814.94,"quantity":0.0001,"side":"buy"}
{"source":"binance","type":"trade","timestamp":1775904756794,"price":72814.93,"quantity":0.00181,"side":"sell"}
{"source":"binance","type":"trade","timestamp":1775904757529,"price":72814.94,"quantity":0.00219,"side":"buy"}
{"source":"binance","type":"trade","timestamp":1775904757681,"price":72814.94,"quantity":0.00029,"side":"buy"}
{"source":"binance","type":"trade","timestamp":1775904758594,"price":72814.94,"quantity":0.00137,"side":"buy"}
{"source":"binance","type":"trade","timestamp":1775904760208,"price":72814.93,"quantity":0.00029,"side":"sell"}
{"source":"binance","type":"trade","timestamp":1775904760943,"price":72814.93,"quantity":0.00051,"side":"sell"}
{"source":"binance","type":"trade","timestamp":1775904762280,"price":72814.93,"quantity":0.00181,"side":"sell"}
{"source":"binance","type":"trade","timestamp":1775904762443,"price":72814.94,"quantity":0.00014,"side":"buy"}
{"source":"binance","type":"trade","timestamp":1775904762590,"price":72814.93,"quantity":0.00078,"side":"sell"}
{"source":"binance","type":"trade","timestamp":1775904762591,"price":72814.94,"quantity":0.00115,"side":"buy"}
{"source":"binance","type":"trade","timestamp":1775904763169,"price":72814.94,"quantity":0.01274,"side":"buy"}
{"source":"binance","type":"trade","timestamp":1775904763169,"price":72814.94,"quantity":0.01471,"side":"buy"}
{"source":"binance","type":"trade","timestamp":1775904763839,"price":72814.93,"quantity":0.00047,"side":"sell"}
{"source":"binance","type":"trade","timestamp":1775904765658,"price":72814.93,"quantity":0.00067,"side":"sell"}
{"source":"binance","type":"trade","timestamp":1775904766866,"price":72814.93,"quantity":0.00302,"side":"sell"}
{"source":"binance","type":"trade","timestamp":1775904768978,"price":72814.93,"quantity":0.00181,"side":"sell"}
{"source":"binance","type":"trade","timestamp":1775904770075,"price":72814.93,"quantity":0.00081,"side":"sell"}
{"source":"binance","type":"trade","timestamp":1775904770503,"price":72814.93,"quantity":7e-05,"side":"sell"}
{"source":"binance","type":"trade","timestamp":1775904770977,"price":72814.94,"quantity":8e-05,"side":"buy"}
{"source":"binance","type":"trade","timestamp":1775904771575,"price":72814.94,"quantity":0.0001,"side":"buy"}
{"source":"binance","type":"trade","timestamp":1775904772786,"price":72814.93,"quantity":0.0002,"side":"sell"}
{"source":"binance","type":"trade","timestamp":1775904775028,"price":72814.94,"quantity":0.00033,"side":"buy"}
{"source":"binance","type":"trade","timestamp":1775904775168,"price":72814.93,"quantity":0.00181,"side":"sell"}
{"source":"binance","type":"trade","timestamp":1775904775238,"price":72814.94,"quantity":0.00086,"side":"buy"}
{"source":"binance","type":"trade","timestamp":1775904775329,"price":72814.94,"quantity":0.00138,"side":"buy"}
{"source":"binance","type":"trade","timestamp":1775904776690,"price":72814.93,"quantity":0.00013,"side":"sell"}
{"source":"binance","type":"trade","timestamp":1775904776890,"price":72814.94,"quantity":0.00129,"side":"buy"}
{"source":"binance","type":"trade","timestamp":1775904778090,"price":72814.94,"quantity":0.00069,"side":"buy"}
{"source":"binance","type":"trade","timestamp":1775904778633,"price":72814.94,"quantity":0.00206,"side":"buy"}
{"source":"binance","type":"trade","timestamp":1775904778646,"price":72814.94,"quantity":0.00081,"side":"buy"}
{"source":"binance","type":"trade","timestamp":1775904779285,"price":72814.94,"quantity":0.00274,"side":"buy"}
{"source":"binance","type":"trade","timestamp":1775904781352,"price":72814.93,"quantity":0.00181,"side":"sell"}
{"source":"binance","type":"trade","timestamp":1775904782370,"price":72814.94,"quantity":0.00213,"side":"buy"}
{"source":"binance","type":"trade","timestamp":1775904782529,"price":72814.94,"quantity":0.00024,"side":"buy"}
{"source":"binance","type":"trade","timestamp":1775904782912,"price":72814.93,"quantity":0.00135,"side":"sell"}
{"source":"binance","type":"trade","timestamp":1775904783761,"price":72814.93,"quantity":0.00021,"side":"sell"}
{"source":"binance","type":"trade","timestamp":1775904785025,"price":72814.93,"quantity":0.00012,"side":"sell"}
{"source":"binance","type":"trade","timestamp":1775904785613,"price":72814.94,"quantity":9e-05,"side":"buy"}
{"source":"binance","type":"trade","timestamp":1775904786387,"price":72814.93,"quantity":0.00022,"side":"sell"}
{"source":"binance","type":"trade","timestamp":1775904787785,"price":72814.94,"quantity":0.00474,"side":"buy"}
{"source":"binance","type":"trade","timestamp":1775904787838,"price":72814.93,"quantity":0.00181,"side":"sell"}
{"source":"binance","type":"trade","timestamp":1775904788026,"price":72814.93,"quantity":0.00034,"side":"sell"}
{"source":"binance","type":"trade","timestamp":1775904788115,"price":72814.94,"quantity":0.0001,"side":"buy"}
{"source":"binance","type":"trade","timestamp":1775904788170,"price":72814.93,"quantity":0.00015,"side":"sell"}
{"source":"binance","type":"trade","timestamp":1775904789138,"price":72814.93,"quantity":0.00027,"side":"sell"}
{"source":"binance","type":"trade","timestamp":1775904790252,"price":72814.93,"quantity":0.00157,"side":"sell"}
{"source":"binance","type":"trade","timestamp":1775904790784,"price":72814.94,"quantity":0.00274,"side":"buy"}
{"source":"binance","type":"trade","timestamp":1775904791025,"price":72814.93,"quantity":0.00056,"side":"sell"}
{"source":"binance","type":"trade","timestamp":1775904791148,"price":72814.94,"quantity":9e-05,"side":"buy"}
{"source":"binance","type":"trade","timestamp":1775904792357,"price":72814.93,"quantity":0.00134,"side":"sell"}
{"source":"binance","type":"trade","timestamp":1775904792690,"price":72814.93,"quantity":0.00121,"side":"sell"}
{"source":"binance","type":"trade","timestamp":1775904793826,"price":72814.93,"quantity":0.00181,"side":"sell"}
{"source":"binance","type":"trade","timestamp":1775904794380,"price":72814.94,"quantity":0.00088,"side":"buy"}
{"source":"binance","type":"trade","timestamp":1775904795075,"price":72814.94,"quantity":0.00253,"side":"buy"}
{"source":"binance","type":"trade","timestamp":1775904795107,"price":72814.93,"quantity":0.003,"side":"sell"}
{"source":"binance","type":"trade","timestamp":1775904795175,"price":72814.94,"quantity":0.00018,"side":"buy"}
{"source":"binance","type":"trade","timestamp":1775904795674,"price":72814.93,"quantity":0.0054,"side":"sell"}
{"source":"binance","type":"trade","timestamp":1775904795785,"price":72814.93,"quantity":8e-05,"side":"sell"}
{"source":"binance","type":"trade","timestamp":1775904796166,"price":72814.93,"quantity":0.0034,"side":"sell"}
{"source":"binance","type":"trade","timestamp":1775904796319,"price":72814.94,"quantity":0.01373,"side":"buy"}
{"source":"binance","type":"trade","timestamp":1775904796509,"price":72814.93,"quantity":0.0006,"side":"sell"}
{"source":"binance","type":"trade","timestamp":1775904797935,"price":72814.93,"quantity":0.02349,"side":"sell"}
{"source":"binance","type":"trade","timestamp":1775904797935,"price":72814.93,"quantity":0.00951,"side":"sell"}
{"source":"binance","type":"trade","timestamp":1775904798349,"price":72814.93,"quantity":0.0026,"side":"sell"}
{"source":"binance","type":"trade","timestamp":1775904798381,"price":72814.94,"quantity":0.00049,"side":"buy"}
{"source":"binance","type":"trade","timestamp":1775904798382,"price":72814.94,"quantity":0.00049,"side":"buy"}
{"source":"binance","type":"trade","timestamp":1775904798564,"price":72814.94,"quantity":0.00689,"side":"buy"}
{"source":"binance","type":"trade","timestamp":1775904798806,"price":72814.93,"quantity":0.003,"side":"sell"}
{"source":"binance","type":"trade","timestamp":1775904798883,"price":72814.93,"quantity":0.00134,"side":"sell"}
{"source":"binance","type":"trade","timestamp":1775904799046,"price":72814.94,"quantity":0.00041,"side":"buy"}
{"source":"binance","type":"trade","timestamp":1775904799202,"price":72814.93,"quantity":0.0034,"side":"sell"}
{"source":"binance","type":"trade","timestamp":1775904799540,"price":72814.93,"quantity":0.0005,"side":"sell"}
{"source":"binance","type":"trade","timestamp":1775904799673,"price":72814.93,"quantity":0.01211,"side":"sell"}
{"source":"binance","type":"trade","timestamp":1775904800520,"price":72814.93,"quantity":0.00181,"side":"sell"}
{"source":"binance","type":"trade","timestamp":1775904800885,"price":72814.93,"quantity":0.00137,"side":"sell"}
{"source":"binance","type":"trade","timestamp":1775904800886,"price":72814.94,"quantity":0.00123,"side":"buy"}
{"source":"binance","type":"trade","timestamp":1775904800911,"price":72814.93,"quantity":0.01703,"side":"sell"}
{"source":"binance","type":"trade","timestamp":1775904801319,"price":72814.93,"quantity":0.0021,"side":"sell"}
{"source":"binance","type":"trade","timestamp":1775904802909,"price":72814.94,"quantity":0.0003,"side":"buy"}
{"source":"binance","type":"trade","timestamp":1775904804138,"price":72814.93,"quantity":0.00013,"side":"sell"}
{"source":"binance","type":"trade","timestamp":1775904804290,"price":72814.94,"quantity":0.00023,"side":"buy"}
{"source":"binance","type":"trade","timestamp":1775904804296,"price":72814.93,"quantity":0.00029,"side":"sell"}
{"source":"binance","type":"trade","timestamp":1775904805424,"price":72814.93,"quantity":0.01,"side":"sell"}
{"source":"binance","type":"trade","timestamp":1775904806203,"price":72814.93,"quantity":0.00021,"side":"sell"}
{"source":"binance","type":"trade","timestamp":1775904806260,"price":72814.93,"quantity":0.00019,"side":"sell"}
{"source":"binance","type":"trade","timestamp":1775904806617,"price":72814.93,"quantity":0.00181,"side":"sell"}
{"source":"binance","type":"trade","timestamp":1775904809022,"price":72814.94,"quantity":0.00023,"side":"buy"}
{"source":"binance","type":"trade","timestamp":1775904810376,"price":72814.94,"quantity":0.00277,"side":"buy"}
{"source":"binance","type":"trade","timestamp":1775904810984,"price":72814.93,"quantity":0.00038,"side":"sell"}
{"source":"binance","type":"trade","timestamp":1775904811481,"price":72814.93,"quantity":0.0031,"side":"sell"}
{"source":"binance","type":"trade","timestamp":1775904811829,"price":72814.94,"quantity":0.00138,"side":"buy"}
{"source":"binance","type":"trade","timestamp":1775904812300,"price":72814.93,"quantity":0.00137,"side":"sell"}
{"source":"binance","type":"trade","timestamp":1775904813504,"price":72814.93,"quantity":0.00181,"side":"sell"}
{"source":"binance","type":"trade","timestamp":1775904813705,"price":72814.94,"quantity":0.00082,"side":"buy"}
{"source":"binance","type":"trade","timestamp":1775904815826,"price":72814.94,"quantity":0.00022,"side":"buy"}
{"source":"binance","type":"trade","timestamp":1775904817953,"price":72814.94,"quantity":0.00257,"side":"buy"}
{"source":"binance","type":"trade","timestamp":1775904818887,"price":72814.93,"quantity":0.00181,"side":"sell"}
{"source":"binance","type":"trade","timestamp":1775904820325,"price":72814.94,"quantity":9e-05,"side":"buy"}
{"source":"binance","type":"trade","timestamp":1775904821143,"price":72814.94,"quantity":8e-05,"side":"buy"}
{"source":"binance","type":"trade","timestamp":1775904822317,"price":72814.94,"quantity":0.00742,"side":"buy"}
{"source":"binance","type":"trade","timestamp":1775904822400,"price":72814.94,"quantity":0.02747,"side":"buy"}
{"source":"binance","type":"trade","timestamp":1775904822885,"price":72814.93,"quantity":0.00013,"side":"sell"}
{"source":"binance","type":"trade","timestamp":1775904824668,"price":72814.93,"quantity":0.00181,"side":"sell"}
{"source":"binance","type":"trade","timestamp":1775904825809,"price":72814.94,"quantity":0.00142,"side":"buy"}
{"source":"binance","type":"trade","timestamp":1775904825891,"price":72814.94,"quantity":0.00027,"side":"buy"}
{"source":"binance","type":"trade","timestamp":1775904828396,"price":72814.93,"quantity":0.008,"side":"sell"}
{"source":"binance","type":"trade","timestamp":1775904829176,"price":72814.93,"quantity":0.00041,"side":"sell"}
{"source":"binance","type":"trade","timestamp":1775904830761,"price":72814.93,"quantity":0.00181,"side":"sell"}
{"source":"binance","type":"trade","timestamp":1775904831137,"price":72814.94,"quantity":0.00011,"side":"buy"}
{"source":"binance","type":"trade","timestamp":1775904833461,"price":72814.94,"quantity":7e-05,"side":"buy"}
{"source":"binance","type":"trade","timestamp":1775904833461,"price":72814.94,"quantity":1e-05,"side":"buy"}
{"source":"binance","type":"trade","timestamp":1775904834170,"price":72814.93,"quantity":0.00151,"side":"sell"}
{"source":"binance","type":"trade","timestamp":1775904834471,"price":72814.93,"quantity":0.0023,"side":"sell"}
{"source":"binance","type":"trade","timestamp":1775904834845,"price":72814.94,"quantity":6e-05,"side":"buy"}
{"source":"binance","type":"trade","timestamp":1775904834845,"price":72814.94,"quantity":7e-05,"side":"buy"}
{"source":"binance","type":"trade","timestamp":1775904834845,"price":72814.94,"quantity":7e-05,"side":"buy"}
{"source":"binance","type":"trade","timestamp":1775904834845,"price":72814.94,"quantity":0.00015,"side":"buy"}
{"source":"binance","type":"trade","timestamp":1775904834845,"price":72814.94,"quantity":8e-05,"side":"buy"}
{"source":"binance","type":"trade","timestamp":1775904834845,"price":72814.94,"quantity":0.00356,"side":"buy"}
{"source":"binance","type":"trade","timestamp":1775904835624,"price":72814.93,"quantity":0.00018,"side":"sell"}
{"source":"binance","type":"trade","timestamp":1775904836438,"price":72814.94,"quantity":0.00225,"side":"buy"}
{"source":"binance","type":"trade","timestamp":1775904836438,"price":72814.94,"quantity":8e-05,"side":"buy"}
{"source":"binance","type":"trade","timestamp":1775904836438,"price":72814.94,"quantity":8e-05,"side":"buy"}
{"source":"binance","type":"trade","timestamp":1775904836438,"price":72814.94,"quantity":7e-05,"side":"buy"}
{"source":"binance","type":"trade","timestamp":1775904836438,"price":72814.94,"quantity":0.00015,"side":"buy"}
{"source":"binance","type":"trade","timestamp":1775904836438,"price":72814.94,"quantity":0.00015,"side":"buy"}
{"source":"binance","type":"trade","timestamp":1775904836438,"price":72814.94,"quantity":0.00015,"side":"buy"}
{"source":"binance","type":"trade","timestamp":1775904836438,"price":72814.94,"quantity":0.00155,"side":"buy"}
{"source":"binance","type":"trade","timestamp":1775904836438,"price":72814.94,"quantity":0.00013,"side":"buy"}
{"source":"binance","type":"trade","timestamp":1775904836438,"price":72814.94,"quantity":0.00597,"side":"buy"}
{"source":"binance","type":"trade","timestamp":1775904836438,"price":72814.94,"quantity":0.00439,"side":"buy"}
{"source":"binance","type":"trade","timestamp":1775904836438,"price":72814.94,"quantity":0.00439,"side":"buy"}
{"source":"binance","type":"trade","timestamp":1775904836438,"price":72814.94,"quantity":0.00056,"side":"buy"}
{"source":"binance","type":"trade","timestamp":1775904836438,"price":72814.94,"quantity":8e-05,"side":"buy"}
{"source":"binance","type":"trade","timestamp":1775904836438,"price":72814.94,"quantity":7e-05,"side":"buy"}
{"source":"binance","type":"trade","timestamp":1775904836438,"price":72814.94,"quantity":8e-05,"side":"buy"}
{"source":"binance","type":"trade","timestamp":1775904836438,"price":72814.94,"quantity":7e-05,"side":"buy"}
{"source":"binance","type":"trade","timestamp":1775904836438,"price":72814.94,"quantity":7e-05,"side":"buy"}
{"source":"binance","type":"trade","timestamp":1775904836438,"price":72814.94,"quantity":0.00015,"side":"buy"}
{"source":"binance","type":"trade","timestamp":1775904836438,"price":72814.94,"quantity":0.00015,"side":"buy"}
{"source":"binance","type":"trade","timestamp":1775904836438,"price":72814.94,"quantity":0.00014,"side":"buy"}
{"source":"binance","type":"trade","timestamp":1775904836438,"price":72814.94,"quantity":0.0015,"side":"buy"}
{"source":"binance","type":"trade","timestamp":1775904836438,"price":72814.94,"quantity":0.00015,"side":"buy"}
{"source":"binance","type":"trade","timestamp":1775904836438,"price":72814.94,"quantity":0.01553,"side":"buy"}
{"source":"binance","type":"trade","timestamp":1775904836438,"price":72814.94,"quantity":0.00209,"side":"buy"}
{"source":"binance","type":"trade","timestamp":1775904836439,"price":72814.94,"quantity":0.06341,"side":"buy"}
{"source":"binance","type":"trade","timestamp":1775904836439,"price":72814.94,"quantity":8e-05,"side":"buy"}
{"source":"binance","type":"trade","timestamp":1775904836439,"price":72814.94,"quantity":8e-05,"side":"buy"}
{"source":"binance","type":"trade","timestamp":1775904836439,"price":72814.94,"quantity":0.00178,"side":"buy"}
{"source":"binance","type":"trade","timestamp":1775904836439,"price":72814.94,"quantity":0.00178,"side":"buy"}
{"source":"binance","type":"trade","timestamp":1775904836439,"price":72814.94,"quantity":0.00588,"side":"buy"}
{"source":"binance","type":"trade","timestamp":1775904836439,"price":72814.94,"quantity":7e-05,"side":"buy"}
{"source":"binance","type":"trade","timestamp":1775904836439,"price":72814.94,"quantity":8e-05,"side":"buy"}
{"source":"binance","type":"trade","timestamp":1775904836439,"price":72814.94,"quantity":0.00178,"side":"buy"}
{"source":"binance","type":"trade","timestamp":1775904836439,"price":72814.94,"quantity":0.00178,"side":"buy"}
{"source":"binance","type":"trade","timestamp":1775904836439,"price":72814.94,"quantity":7e-05,"side":"buy"}
{"source":"binance","type":"trade","timestamp":1775904836439,"price":72814.94,"quantity":8e-05,"side":"buy"}
{"source":"binance","type":"trade","timestamp":1775904836439,"price":72814.94,"quantity":7e-05,"side":"buy"}
{"source":"binance","type":"trade","timestamp":1775904836439,"price":72814.94,"quantity":7e-05,"side":"buy"}
{"source":"binance","type":"trade","timestamp":1775904836439,"price":72814.94,"quantity":7e-05,"side":"buy"}
{"source":"binance","type":"trade","timestamp":1775904836439,"price":72814.94,"quantity":7e-05,"side":"buy"}
{"source":"binance","type":"trade","timestamp":1775904836439,"price":72814.94,"quantity":8e-05,"side":"buy"}
{"source":"binance","type":"trade","timestamp":1775904836439,"price":72814.94,"quantity":8e-05,"side":"buy"}
{"source":"binance","type":"trade","timestamp":1775904836439,"price":72814.94,"quantity":8e-05,"side":"buy"}
{"source":"binance","type":"trade","timestamp":1775904836439,"price":72814.94,"quantity":7e-05,"side":"buy"}
{"source":"binance","type":"trade","timestamp":1775904836439,"price":72814.94,"quantity":7e-05,"side":"buy"}
{"source":"binance","type":"trade","timestamp":1775904836439,"price":72814.94,"quantity":7e-05,"side":"buy"}
{"source":"binance","type":"trade","timestamp":1775904836439,"price":72814.94,"quantity":5e-05,"side":"buy"}
{"source":"binance","type":"trade","timestamp":1775904836439,"price":72814.94,"quantity":0.00178,"side":"buy"}
{"source":"binance","type":"trade","timestamp":1775904836439,"price":72814.94,"quantity":0.00178,"side":"buy"}
{"source":"binance","type":"trade","timestamp":1775904836439,"price":72814.94,"quantity":7e-05,"side":"buy"}
{"source":"binance","type":"trade","timestamp":1775904836439,"price":72814.94,"quantity":0.00178,"side":"buy"}
{"source":"binance","type":"trade","timestamp":1775904836439,"price":72814.94,"quantity":0.00178,"side":"buy"}
{"source":"binance","type":"trade","timestamp":1775904836439,"price":72814.94,"quantity":7e-05,"side":"buy"}
{"source":"binance","type":"trade","timestamp":1775904836439,"price":72814.94,"quantity":7e-05,"side":"buy"}
{"source":"binance","type":"trade","timestamp":1775904836439,"price":72814.94,"quantity":7e-05,"side":"buy"}
{"source":"binance","type":"trade","timestamp":1775904836439,"price":72814.94,"quantity":7e-05,"side":"buy"}
{"source":"binance","type":"trade","timestamp":1775904836439,"price":72814.94,"quantity":7e-05,"side":"buy"}
{"source":"binance","type":"trade","timestamp":1775904836439,"price":72814.94,"quantity":7e-05,"side":"buy"}
{"source":"binance","type":"trade","timestamp":1775904836439,"price":72814.94,"quantity":7e-05,"side":"buy"}
{"source":"binance","type":"trade","timestamp":1775904836439,"price":72814.94,"quantity":1e-05,"side":"buy"}
{"source":"binance","type":"trade","timestamp":1775904836439,"price":72814.94,"quantity":0.00178,"side":"buy"}
{"source":"binance","type":"trade","timestamp":1775904836439,"price":72814.94,"quantity":0.00178,"side":"buy"}
{"source":"binance","type":"trade","timestamp":1775904836439,"price":72814.94,"quantity":0.00178,"side":"buy"}
{"source":"binance","type":"trade","timestamp":1775904836439,"price":72814.94,"quantity":0.00178,"side":"buy"}
{"source":"binance","type":"trade","timestamp":1775904836439,"price":72814.94,"quantity":7e-05,"side":"buy"}
{"source":"binance","type":"trade","timestamp":1775904836439,"price":72814.94,"quantity":7e-05,"side":"buy"}
{"source":"binance","type":"trade","timestamp":1775904836439,"price":72814.94,"quantity":7e-05,"side":"buy"}
{"source":"binance","type":"trade","timestamp":1775904836439,"price":72814.94,"quantity":7e-05,"side":"buy"}
{"source":"binance","type":"trade","timestamp":1775904836439,"price":72814.94,"quantity":7e-05,"side":"buy"}
{"source":"binance","type":"trade","timestamp":1775904836439,"price":72814.94,"quantity":7e-05,"side":"buy"}
{"source":"binance","type":"trade","timestamp":1775904836439,"price":72814.94,"quantity":0.00178,"side":"buy"}
{"source":"binance","type":"trade","timestamp":1775904836439,"price":72814.94,"quantity":0.00178,"side":"buy"}
{"source":"binance","type":"trade","timestamp":1775904836439,"price":72814.94,"quantity":0.00178,"side":"buy"}
{"source":"binance","type":"trade","timestamp":1775904836439,"price":72814.94,"quantity":0.00178,"side":"buy"}
{"source":"binance","type":"trade","timestamp":1775904836439,"price":72814.94,"quantity":7e-05,"side":"buy"}
{"source":"binance","type":"trade","timestamp":1775904836439,"price":72814.94,"quantity":7e-05,"side":"buy"}
{"source":"binance","type":"trade","timestamp":1775904836439,"price":72814.94,"quantity":7e-05,"side":"buy"}
{"source":"binance","type":"trade","timestamp":1775904836439,"price":72814.94,"quantity":0.00178,"side":"buy"}
{"source":"binance","type":"trade","timestamp":1775904836439,"price":72814.94,"quantity":0.00178,"side":"buy"}
{"source":"binance","type":"trade","timestamp":1775904836439,"price":72814.94,"quantity":0.00178,"side":"buy"}
{"source":"binance","type":"trade","timestamp":1775904836439,"price":72814.94,"quantity":0.00178,"side":"buy"}
{"source":"binance","type":"trade","timestamp":1775904836439,"price":72814.94,"quantity":7e-05,"side":"buy"}
{"source":"binance","type":"trade","timestamp":1775904836439,"price":72814.94,"quantity":0.00178,"side":"buy"}
{"source":"binance","type":"trade","timestamp":1775904836439,"price":72814.94,"quantity":0.00178,"side":"buy"}
{"source":"binance","type":"trade","timestamp":1775904836439,"price":72814.94,"quantity":0.00178,"side":"buy"}
{"source":"binance","type":"trade","timestamp":1775904836439,"price":72814.94,"quantity":0.00178,"side":"buy"}
{"source":"binance","type":"trade","timestamp":1775904836439,"price":72814.94,"quantity":0.00178,"side":"buy"}
{"source":"binance","type":"trade","timestamp":1775904836439,"price":72814.94,"quantity":0.00178,"side":"buy"}
{"source":"binance","type":"trade","timestamp":1775904836439,"price":72814.94,"quantity":0.00178,"side":"buy"}
{"source":"binance","type":"trade","timestamp":1775904836439,"price":72814.94,"quantity":0.00178,"side":"buy"}
{"source":"binance","type":"trade","timestamp":1775904836439,"price":72814.94,"quantity":0.00178,"side":"buy"}
{"source":"binance","type":"trade","timestamp":1775904836439,"price":72814.94,"quantity":0.00178,"side":"buy"}
{"source":"binance","type":"trade","timestamp":1775904836439,"price":72814.94,"quantity":0.00178,"side":"buy"}
{"source":"binance","type":"trade","timestamp":1775904836439,"price":72814.94,"quantity":0.00178,"side":"buy"}
{"source":"binance","type":"trade","timestamp":1775904836439,"price":72814.94,"quantity":0.00178,"side":"buy"}
{"source":"binance","type":"trade","timestamp":1775904836439,"price":72814.94,"quantity":0.00178,"side":"buy"}
{"source":"binance","type":"trade","timestamp":1775904836439,"price":72814.94,"quantity":0.00178,"side":"buy"}
{"source":"binance","type":"trade","timestamp":1775904836439,"price":72814.94,"quantity":0.00178,"side":"buy"}
{"source":"binance","type":"trade","timestamp":1775904836439,"price":72814.94,"quantity":0.00178,"side":"buy"}
{"source":"binance","type":"trade","timestamp":1775904836439,"price":72814.94,"quantity":0.00178,"side":"buy"}
{"source":"binance","type":"trade","timestamp":1775904836439,"price":72814.94,"quantity":0.00178,"side":"buy"}
{"source":"binance","type":"trade","timestamp":1775904836439,"price":72814.94,"quantity":0.00178,"side":"buy"}
{"source":"binance","type":"trade","timestamp":1775904836439,"price":72814.94,"quantity":0.00178,"side":"buy"}
{"source":"binance","type":"trade","timestamp":1775904836439,"price":72814.94,"quantity":0.00178,"side":"buy"}
{"source":"binance","type":"trade","timestamp":1775904836439,"price":72814.94,"quantity":0.00178,"side":"buy"}
{"source":"binance","type":"trade","timestamp":1775904836439,"price":72814.94,"quantity":0.00178,"side":"buy"}
{"source":"binance","type":"trade","timestamp":1775904836439,"price":72814.94,"quantity":0.00178,"side":"buy"}
{"source":"binance","type":"trade","timestamp":1775904836439,"price":72814.94,"quantity":0.00178,"side":"buy"}
{"source":"binance","type":"trade","timestamp":1775904836439,"price":72814.94,"quantity":0.00178,"side":"buy"}
{"source":"binance","type":"trade","timestamp":1775904836439,"price":72814.94,"quantity":0.00178,"side":"buy"}
{"source":"binance","type":"trade","timestamp":1775904836439,"price":72814.94,"quantity":0.00178,"side":"buy"}
{"source":"binance","type":"trade","timestamp":1775904836439,"price":72814.94,"quantity":0.00178,"side":"buy"}
{"source":"binance","type":"trade","timestamp":1775904836439,"price":72814.94,"quantity":0.00178,"side":"buy"}
{"source":"binance","type":"trade","timestamp":1775904836439,"price":72814.94,"quantity":0.00178,"side":"buy"}
{"source":"binance","type":"trade","timestamp":1775904836439,"price":72814.94,"quantity":0.00178,"side":"buy"}
{"source":"binance","type":"trade","timestamp":1775904836439,"price":72814.94,"quantity":0.00178,"side":"buy"}
{"source":"binance","type":"trade","timestamp":1775904836439,"price":72814.94,"quantity":0.00178,"side":"buy"}
{"source":"binance","type":"trade","timestamp":1775904836439,"price":72814.94,"quantity":0.00178,"side":"buy"}
{"source":"binance","type":"trade","timestamp":1775904836439,"price":72814.94,"quantity":0.00178,"side":"buy"}
{"source":"binance","type":"trade","timestamp":1775904836439,"price":72814.94,"quantity":0.00178,"side":"buy"}
{"source":"binance","type":"trade","timestamp":1775904836439,"price":72814.94,"quantity":0.00178,"side":"buy"}
{"source":"binance","type":"trade","timestamp":1775904836439,"price":72814.94,"quantity":0.00178,"side":"buy"}
{"source":"binance","type":"trade","timestamp":1775904836439,"price":72814.94,"quantity":0.00178,"side":"buy"}
{"source":"binance","type":"trade","timestamp":1775904836439,"price":72814.94,"quantity":0.00178,"side":"buy"}
{"source":"binance","type":"trade","timestamp":1775904836439,"price":72814.94,"quantity":0.00178,"side":"buy"}
{"source":"binance","type":"trade","timestamp":1775904836439,"price":72814.94,"quantity":0.00178,"side":"buy"}
{"source":"binance","type":"trade","timestamp":1775904836439,"price":72814.94,"quantity":0.00178,"side":"buy"}
{"source":"binance","type":"trade","timestamp":1775904836439,"price":72814.94,"quantity":0.00178,"side":"buy"}
{"source":"binance","type":"trade","timestamp":1775904836439,"price":72814.94,"quantity":0.00178,"side":"buy"}
{"source":"binance","type":"trade","timestamp":1775904836439,"price":72814.94,"quantity":0.00178,"side":"buy"}
{"source":"binance","type":"trade","timestamp":1775904836439,"price":72814.94,"quantity":0.00178,"side":"buy"}
{"source":"binance","type":"trade","timestamp":1775904836439,"price":72814.94,"quantity":0.00178,"side":"buy"}
{"source":"binance","type":"trade","timestamp":1775904836439,"price":72814.94,"quantity":0.00178,"side":"buy"}
{"source":"binance","type":"trade","timestamp":1775904836439,"price":72814.94,"quantity":0.00178,"side":"buy"}
{"source":"binance","type":"trade","timestamp":1775904836439,"price":72814.94,"quantity":0.00178,"side":"buy"}
{"source":"binance","type":"trade","timestamp":1775904836439,"price":72814.94,"quantity":0.00178,"side":"buy"}
{"source":"binance","type":"trade","timestamp":1775904836439,"price":72814.94,"quantity":0.00178,"side":"buy"}
{"source":"binance","type":"trade","timestamp":1775904836439,"price":72814.94,"quantity":0.00178,"side":"buy"}
{"source":"binance","type":"trade","timestamp":1775904836439,"price":72814.94,"quantity":0.00178,"side":"buy"}
{"source":"binance","type":"trade","timestamp":1775904836439,"price":72814.94,"quantity":0.00178,"side":"buy"}
{"source":"binance","type":"trade","timestamp":1775904836439,"price":72814.94,"quantity":0.00178,"side":"buy"}
{"source":"binance","type":"trade","timestamp":1775904836439,"price":72814.94,"quantity":0.00178,"side":"buy"}
{"source":"binance","type":"trade","timestamp":1775904836439,"price":72814.94,"quantity":0.00178,"side":"buy"}
{"source":"binance","type":"trade","timestamp":1775904836439,"price":72814.94,"quantity":0.00178,"side":"buy"}
{"source":"binance","type":"trade","timestamp":1775904836439,"price":72814.94,"quantity":0.00178,"side":"buy"}
{"source":"binance","type":"trade","timestamp":1775904836439,"price":72814.94,"quantity":0.00178,"side":"buy"}
{"source":"binance","type":"trade","timestamp":1775904836439,"price":72814.94,"quantity":0.00178,"side":"buy"}
{"source":"binance","type":"trade","timestamp":1775904836439,"price":72814.94,"quantity":0.00178,"side":"buy"}
{"source":"binance","type":"trade","timestamp":1775904836439,"price":72814.94,"quantity":0.00178,"side":"buy"}
{"source":"binance","type":"trade","timestamp":1775904836439,"price":72814.94,"quantity":0.00178,"side":"buy"}
{"source":"binance","type":"trade","timestamp":1775904836439,"price":72814.94,"quantity":0.00178,"side":"buy"}
{"source":"binance","type":"trade","timestamp":1775904836439,"price":72814.94,"quantity":0.00178,"side":"buy"}
{"source":"binance","type":"trade","timestamp":1775904836439,"price":72814.94,"quantity":0.00178,"side":"buy"}
{"source":"binance","type":"trade","timestamp":1775904836439,"price":72814.94,"quantity":0.00178,"side":"buy"}
{"source":"binance","type":"trade","timestamp":1775904836439,"price":72814.94,"quantity":0.00178,"side":"buy"}
{"source":"binance","type":"trade","timestamp":1775904836439,"price":72814.94,"quantity":0.00178,"side":"buy"}
{"source":"binance","type":"trade","timestamp":1775904836439,"price":72814.94,"quantity":0.00178,"side":"buy"}
{"source":"binance","type":"trade","timestamp":1775904836439,"price":72814.94,"quantity":0.00178,"side":"buy"}
{"source":"binance","type":"trade","timestamp":1775904836439,"price":72814.94,"quantity":0.00178,"side":"buy"}
{"source":"binance","type":"trade","timestamp":1775904836439,"price":72814.94,"quantity":0.00178,"side":"buy"}
{"source":"binance","type":"trade","timestamp":1775904836439,"price":72814.94,"quantity":0.00178,"side":"buy"}
{"source":"binance","type":"trade","timestamp":1775904836439,"price":72814.94,"quantity":0.00178,"side":"buy"}
{"source":"binance","type":"trade","timestamp":1775904836439,"price":72814.94,"quantity":0.00178,"side":"buy"}
{"source":"binance","type":"trade","timestamp":1775904836439,"price":72814.94,"quantity":0.00178,"side":"buy"}
{"source":"binance","type":"trade","timestamp":1775904836439,"price":72814.94,"quantity":0.00178,"side":"buy"}
{"source":"binance","type":"trade","timestamp":1775904836439,"price":72814.94,"quantity":0.00178,"side":"buy"}
{"source":"binance","type":"trade","timestamp":1775904836439,"price":72814.94,"quantity":0.00178,"side":"buy"}
{"source":"binance","type":"trade","timestamp":1775904836439,"price":72814.94,"quantity":0.00178,"side":"buy"}
{"source":"binance","type":"trade","timestamp":1775904836439,"price":72814.94,"quantity":0.00178,"side":"buy"}
{"source":"binance","type":"trade","timestamp":1775904836439,"price":72814.94,"quantity":0.00178,"side":"buy"}
{"source":"binance","type":"trade","timestamp":1775904836439,"price":72814.94,"quantity":0.00178,"side":"buy"}
{"source":"binance","type":"trade","timestamp":1775904836439,"price":72814.94,"quantity":0.00178,"side":"buy"}
{"source":"binance","type":"trade","timestamp":1775904836439,"price":72814.94,"quantity":0.00178,"side":"buy"}
{"source":"binance","type":"trade","timestamp":1775904836439,"price":72814.94,"quantity":0.00178,"side":"buy"}
{"source":"binance","type":"trade","timestamp":1775904836439,"price":72814.94,"quantity":0.00178,"side":"buy"}
{"source":"binance","type":"trade","timestamp":1775904836439,"price":72814.94,"quantity":0.00178,"side":"buy"}
{"source":"binance","type":"trade","timestamp":1775904836439,"price":72814.94,"quantity":0.00178,"side":"buy"}
{"source":"binance","type":"trade","timestamp":1775904836439,"price":72814.94,"quantity":0.00178,"side":"buy"}
{"source":"binance","type":"trade","timestamp":1775904836439,"price":72814.94,"quantity":0.00178,"side":"buy"}
{"source":"binance","type":"trade","timestamp":1775904836439,"price":72814.94,"quantity":0.00178,"side":"buy"}
{"source":"binance","type":"trade","timestamp":1775904836439,"price":72814.94,"quantity":0.00178,"side":"buy"}
{"source":"binance","type":"trade","timestamp":1775904836439,"price":72814.94,"quantity":0.00178,"side":"buy"}
{"source":"binance","type":"trade","timestamp":1775904836439,"price":72814.94,"quantity":0.00178,"side":"buy"}
{"source":"binance","type":"trade","timestamp":1775904836439,"price":72814.94,"quantity":0.00178,"side":"buy"}
{"source":"binance","type":"trade","timestamp":1775904836439,"price":72814.94,"quantity":0.00178,"side":"buy"}
{"source":"binance","type":"trade","timestamp":1775904836439,"price":72814.94,"quantity":0.00178,"side":"buy"}
{"source":"binance","type":"trade","timestamp":1775904836439,"price":72814.94,"quantity":0.00178,"side":"buy"}
{"source":"binance","type":"trade","timestamp":1775904836439,"price":72814.94,"quantity":0.00072,"side":"buy"}
{"source":"binance","type":"trade","timestamp":1775904836439,"price":72814.94,"quantity":0.00178,"side":"buy"}
{"source":"binance","type":"trade","timestamp":1775904836439,"price":72814.94,"quantity":0.00178,"side":"buy"}
{"source":"binance","type":"trade","timestamp":1775904836439,"price":72814.94,"quantity":0.00178,"side":"buy"}
{"source":"binance","type":"trade","timestamp":1775904836439,"price":72814.94,"quantity":0.00178,"side":"buy"}
{"source":"binance","type":"trade","timestamp":1775904836439,"price":72814.94,"quantity":0.00178,"side":"buy"}
{"source":"binance","type":"trade","timestamp":1775904836439,"price":72814.94,"quantity":0.00178,"side":"buy"}
{"source":"binance","type":"trade","timestamp":1775904836439,"price":72814.94,"quantity":0.00027,"side":"buy"}
{"source":"binance","type":"trade","timestamp":1775904836439,"price":72814.94,"quantity":0.00178,"side":"buy"}
{"source":"binance","type":"trade","timestamp":1775904836439,"price":72814.94,"quantity":0.00178,"side":"buy"}
{"source":"binance","type":"trade","timestamp":1775904836439,"price":72814.94,"quantity":0.00178,"side":"buy"}
{"source":"binance","type":"trade","timestamp":1775904836439,"price":72814.94,"quantity":0.00178,"side":"buy"}
{"source":"binance","type":"trade","timestamp":1775904836439,"price":72814.94,"quantity":0.00178,"side":"buy"}
{"source":"binance","type":"trade","timestamp":1775904836439,"price":72814.94,"quantity":0.00178,"side":"buy"}
{"source":"binance","type":"trade","timestamp":1775904836439,"price":72814.94,"quantity":0.00178,"side":"buy"}
{"source":"binance","type":"trade","timestamp":1775904836439,"price":72814.94,"quantity":0.00178,"side":"buy"}
{"source":"binance","type":"trade","timestamp":1775904836439,"price":72814.94,"quantity":0.00178,"side":"buy"}
{"source":"binance","type":"trade","timestamp":1775904836439,"price":72814.94,"quantity":0.00178,"side":"buy"}
{"source":"binance","type":"trade","timestamp":1775904836439,"price":72814.94,"quantity":0.00178,"side":"buy"}
{"source":"binance","type":"trade","timestamp":1775904836439,"price":72814.94,"quantity":0.00178,"side":"buy"}
{"source":"binance","type":"trade","timestamp":1775904836439,"price":72814.94,"quantity":0.00178,"side":"buy"}
{"source":"binance","type":"trade","timestamp":1775904836439,"price":72814.94,"quantity":0.00178,"side":"buy"}
{"source":"binance","type":"trade","timestamp":1775904836439,"price":72814.94,"quantity":0.00178,"side":"buy"}
{"source":"binance","type":"trade","timestamp":1775904836439,"price":72814.94,"quantity":0.00178,"side":"buy"}
{"source":"binance","type":"trade","timestamp":1775904836439,"price":72814.94,"quantity":0.00178,"side":"buy"}
{"source":"binance","type":"trade","timestamp":1775904836439,"price":72814.94,"quantity":0.00178,"side":"buy"}
{"source":"binance","type":"trade","timestamp":1775904836439,"price":72814.94,"quantity":0.00178,"side":"buy"}
{"source":"binance","type":"trade","timestamp":1775904836439,"price":72814.94,"quantity":0.00178,"side":"buy"}
{"source":"binance","type":"trade","timestamp":1775904836439,"price":72814.94,"quantity":0.00178,"side":"buy"}
{"source":"binance","type":"trade","timestamp":1775904836439,"price":72814.94,"quantity":0.00178,"side":"buy"}
{"source":"binance","type":"trade","timestamp":1775904836439,"price":72814.94,"quantity":0.00178,"side":"buy"}
{"source":"binance","type":"trade","timestamp":1775904836439,"price":72814.94,"quantity":0.00178,"side":"buy"}
{"source":"binance","type":"trade","timestamp":1775904836439,"price":72814.94,"quantity":0.00178,"side":"buy"}
{"source":"binance","type":"trade","timestamp":1775904836439,"price":72814.94,"quantity":0.00178,"side":"buy"}
{"source":"binance","type":"trade","timestamp":1775904836439,"price":72814.94,"quantity":0.00178,"side":"buy"}
{"source":"binance","type":"trade","timestamp":1775904836439,"price":72814.94,"quantity":0.00178,"side":"buy"}
{"source":"binance","type":"trade","timestamp":1775904836439,"price":72814.94,"quantity":0.00141,"side":"buy"}
{"source":"binance","type":"trade","timestamp":1775904836439,"price":72814.94,"quantity":0.00178,"side":"buy"}
{"source":"binance","type":"trade","timestamp":1775904836439,"price":72814.94,"quantity":0.00178,"side":"buy"}
{"source":"binance","type":"trade","timestamp":1775904836439,"price":72814.94,"quantity":0.00178,"side":"buy"}
{"source":"binance","type":"trade","timestamp":1775904836439,"price":72814.94,"quantity":0.00178,"side":"buy"}
{"source":"binance","type":"trade","timestamp":1775904836439,"price":72814.94,"quantity":0.00178,"side":"buy"}
{"source":"binance","type":"trade","timestamp":1775904836439,"price":72814.94,"quantity":0.00178,"side":"buy"}
{"source":"binance","type":"trade","timestamp":1775904836439,"price":72814.94,"quantity":0.00178,"side":"buy"}
{"source":"binance","type":"trade","timestamp":1775904836439,"price":72814.94,"quantity":0.00178,"side":"buy"}
{"source":"binance","type":"trade","timestamp":1775904836439,"price":72814.94,"quantity":0.00178,"side":"buy"}
{"source":"binance","type":"trade","timestamp":1775904836439,"price":72814.94,"quantity":0.00178,"side":"buy"}
{"source":"binance","type":"trade","timestamp":1775904836439,"price":72814.94,"quantity":0.00178,"side":"buy"}
{"source":"binance","type":"trade","timestamp":1775904836439,"price":72814.94,"quantity":0.00178,"side":"buy"}
{"source":"binance","type":"trade","timestamp":1775904836439,"price":72814.94,"quantity":0.00178,"side":"buy"}
{"source":"binance","type":"trade","timestamp":1775904836439,"price":72814.94,"quantity":0.00178,"side":"buy"}
{"source":"binance","type":"trade","timestamp":1775904836439,"price":72814.94,"quantity":0.00178,"side":"buy"}
{"source":"binance","type":"trade","timestamp":1775904836439,"price":72814.94,"quantity":0.00178,"side":"buy"}
{"source":"binance","type":"trade","timestamp":1775904836439,"price":72814.94,"quantity":0.00178,"side":"buy"}
{"source":"binance","type":"trade","timestamp":1775904836439,"price":72814.94,"quantity":0.00111,"side":"buy"}
{"source":"binance","type":"trade","timestamp":1775904836439,"price":72814.95,"quantity":8e-05,"side":"buy"}
{"source":"binance","type":"trade","timestamp":1775904836439,"price":72814.95,"quantity":8e-05,"side":"buy"}
{"source":"binance","type":"trade","timestamp":1775904836439,"price":72814.95,"quantity":8e-05,"side":"buy"}
{"source":"binance","type":"trade","timestamp":1775904836443,"price":72816.23,"quantity":8e-05,"side":"buy"}
{"source":"binance","type":"trade","timestamp":1775904836443,"price":72816.23,"quantity":8e-05,"side":"buy"}
{"source":"binance","type":"trade","timestamp":1775904836443,"price":72816.23,"quantity":4e-05,"side":"buy"}
{"source":"binance","type":"trade","timestamp":1775904836444,"price":72816.23,"quantity":4e-05,"side":"buy"}
{"source":"binance","type":"trade","timestamp":1775904836444,"price":72816.23,"quantity":8e-05,"side":"buy"}
{"source":"binance","type":"trade","timestamp":1775904836444,"price":72816.23,"quantity":8e-05,"side":"buy"}
{"source":"binance","type":"trade","timestamp":1775904836444,"price":72816.23,"quantity":7e-05,"side":"buy"}
{"source":"binance","type":"trade","timestamp":1775904836444,"price":72816.23,"quantity":8e-05,"side":"buy"}
{"source":"binance","type":"trade","timestamp":1775904836444,"price":72816.23,"quantity":7e-05,"side":"buy"}
{"source":"binance","type":"trade","timestamp":1775904836444,"price":72816.23,"quantity":8e-05,"side":"buy"}
{"source":"binance","type":"trade","timestamp":1775904836444,"price":72816.23,"quantity":8e-05,"side":"buy"}
{"source":"binance","type":"trade","timestamp":1775904836444,"price":72816.23,"quantity":8e-05,"side":"buy"}
{"source":"binance","type":"trade","timestamp":1775904836444,"price":72816.23,"quantity":8e-05,"side":"buy"}
{"source":"binance","type":"trade","timestamp":1775904836444,"price":72816.23,"quantity":8e-05,"side":"buy"}
{"source":"binance","type":"trade","timestamp":1775904836444,"price":72816.23,"quantity":8e-05,"side":"buy"}
{"source":"binance","type":"trade","timestamp":1775904836444,"price":72816.23,"quantity":8e-05,"side":"buy"}
{"source":"binance","type":"trade","timestamp":1775904836444,"price":72816.23,"quantity":0.00015,"side":"buy"}
{"source":"binance","type":"trade","timestamp":1775904836444,"price":72816.23,"quantity":8e-05,"side":"buy"}
{"source":"binance","type":"trade","timestamp":1775904836444,"price":72816.23,"quantity":8e-05,"side":"buy"}
{"source":"binance","type":"trade","timestamp":1775904836444,"price":72816.23,"quantity":8e-05,"side":"buy"}
{"source":"binance","type":"trade","timestamp":1775904836444,"price":72816.23,"quantity":8e-05,"side":"buy"}
{"source":"binance","type":"trade","timestamp":1775904836444,"price":72816.23,"quantity":7e-05,"side":"buy"}
{"source":"binance","type":"trade","timestamp":1775904836444,"price":72816.23,"quantity":7e-05,"side":"buy"}
{"source":"binance","type":"trade","timestamp":1775904836444,"price":72816.24,"quantity":8e-05,"side":"buy"}
{"source":"binance","type":"trade","timestamp":1775904836444,"price":72816.24,"quantity":8e-05,"side":"buy"}
{"source":"binance","type":"trade","timestamp":1775904836444,"price":72816.24,"quantity":8e-05,"side":"buy"}
{"source":"binance","type":"trade","timestamp":1775904836444,"price":72816.24,"quantity":8e-05,"side":"buy"}
{"source":"binance","type":"trade","timestamp":1775904836444,"price":72816.24,"quantity":8e-05,"side":"buy"}
{"source":"binance","type":"trade","timestamp":1775904836444,"price":72816.24,"quantity":8e-05,"side":"buy"}
{"source":"binance","type":"trade","timestamp":1775904836444,"price":72816.24,"quantity":8e-05,"side":"buy"}
{"source":"binance","type":"trade","timestamp":1775904836448,"price":72817.25,"quantity":7e-05,"side":"buy"}
{"source":"binance","type":"trade","timestamp":1775904836448,"price":72817.25,"quantity":7e-05,"side":"buy"}
{"source":"binance","type":"trade","timestamp":1775904836448,"price":72817.25,"quantity":8e-05,"side":"buy"}
{"source":"binance","type":"trade","timestamp":1775904836448,"price":72817.25,"quantity":8e-05,"side":"buy"}
{"source":"binance","type":"trade","timestamp":1775904836448,"price":72817.25,"quantity":8e-05,"side":"buy"}
{"source":"binance","type":"trade","timestamp":1775904836448,"price":72817.25,"quantity":8e-05,"side":"buy"}
{"source":"binance","type":"trade","timestamp":1775904836448,"price":72817.25,"quantity":8e-05,"side":"buy"}
{"source":"binance","type":"trade","timestamp":1775904836448,"price":72817.25,"quantity":8e-05,"side":"buy"}
{"source":"binance","type":"trade","timestamp":1775904836448,"price":72817.25,"quantity":8e-05,"side":"buy"}
{"source":"binance","type":"trade","timestamp":1775904836448,"price":72817.25,"quantity":8e-05,"side":"buy"}
{"source":"binance","type":"trade","timestamp":1775904836448,"price":72817.25,"quantity":8e-05,"side":"buy"}
{"source":"binance","type":"trade","timestamp":1775904836448,"price":72817.25,"quantity":8e-05,"side":"buy"}
{"source":"binance","type":"trade","timestamp":1775904836448,"price":72817.25,"quantity":7e-05,"side":"buy"}
{"source":"binance","type":"trade","timestamp":1775904836448,"price":72817.25,"quantity":7e-05,"side":"buy"}
{"source":"binance","type":"trade","timestamp":1775904836448,"price":72817.25,"quantity":7e-05,"side":"buy"}
{"source":"binance","type":"trade","timestamp":1775904836448,"price":72817.25,"quantity":7e-05,"side":"buy"}
{"source":"binance","type":"trade","timestamp":1775904836448,"price":72817.25,"quantity":7e-05,"side":"buy"}
{"source":"binance","type":"trade","timestamp":1775904836448,"price":72817.25,"quantity":7e-05,"side":"buy"}
{"source":"binance","type":"trade","timestamp":1775904836448,"price":72817.25,"quantity":7e-05,"side":"buy"}
{"source":"binance","type":"trade","timestamp":1775904836448,"price":72817.25,"quantity":7e-05,"side":"buy"}
{"source":"binance","type":"trade","timestamp":1775904836448,"price":72817.26,"quantity":7e-05,"side":"buy"}
{"source":"binance","type":"trade","timestamp":1775904836448,"price":72817.26,"quantity":7e-05,"side":"buy"}
{"source":"binance","type":"trade","timestamp":1775904836448,"price":72817.26,"quantity":7e-05,"side":"buy"}
{"source":"binance","type":"trade","timestamp":1775904836448,"price":72817.26,"quantity":7e-05,"side":"buy"}
{"source":"binance","type":"trade","timestamp":1775904836448,"price":72817.26,"quantity":7e-05,"side":"buy"}
{"source":"binance","type":"trade","timestamp":1775904836448,"price":72817.84,"quantity":5e-05,"side":"buy"}
{"source":"binance","type":"trade","timestamp":1775904836451,"price":72817.84,"quantity":2e-05,"side":"buy"}
{"source":"binance","type":"trade","timestamp":1775904836451,"price":72817.84,"quantity":7e-05,"side":"buy"}
{"source":"binance","type":"trade","timestamp":1775904836451,"price":72817.84,"quantity":7e-05,"side":"buy"}
{"source":"binance","type":"trade","timestamp":1775904836451,"price":72817.84,"quantity":7e-05,"side":"buy"}
{"source":"binance","type":"trade","timestamp":1775904836451,"price":72817.84,"quantity":7e-05,"side":"buy"}
{"source":"binance","type":"trade","timestamp":1775904836451,"price":72817.84,"quantity":7e-05,"side":"buy"}
{"source":"binance","type":"trade","timestamp":1775904836451,"price":72817.84,"quantity":7e-05,"side":"buy"}
{"source":"binance","type":"trade","timestamp":1775904836451,"price":72818.46,"quantity":8e-05,"side":"buy"}
{"source":"binance","type":"trade","timestamp":1775904836451,"price":72818.46,"quantity":8e-05,"side":"buy"}
{"source":"binance","type":"trade","timestamp":1775904836451,"price":72818.46,"quantity":8e-05,"side":"buy"}
{"source":"binance","type":"trade","timestamp":1775904836451,"price":72818.46,"quantity":8e-05,"side":"buy"}
{"source":"binance","type":"trade","timestamp":1775904836451,"price":72818.47,"quantity":7e-05,"side":"buy"}
{"source":"binance","type":"trade","timestamp":1775904836451,"price":72818.47,"quantity":8e-05,"side":"buy"}
{"source":"binance","type":"trade","timestamp":1775904836451,"price":72818.47,"quantity":7e-05,"side":"buy"}
{"source":"binance","type":"trade","timestamp":1775904836454,"price":72818.54,"quantity":7e-05,"side":"buy"}
{"source":"binance","type":"trade","timestamp":1775904836454,"price":72818.54,"quantity":7e-05,"side":"buy"}
{"source":"binance","type":"trade","timestamp":1775904836454,"price":72818.54,"quantity":7e-05,"side":"buy"}
{"source":"binance","type":"trade","timestamp":1775904836454,"price":72818.54,"quantity":7e-05,"side":"buy"}
{"source":"binance","type":"trade","timestamp":1775904836454,"price":72818.97,"quantity":7e-05,"side":"buy"}
{"source":"binance","type":"trade","timestamp":1775904836471,"price":72819.55,"quantity":8e-05,"side":"buy"}
{"source":"binance","type":"trade","timestamp":1775904836471,"price":72819.55,"quantity":8e-05,"side":"buy"}
{"source":"binance","type":"trade","timestamp":1775904836471,"price":72819.55,"quantity":8e-05,"side":"buy"}
{"source":"binance","type":"trade","timestamp":1775904836471,"price":72819.55,"quantity":8e-05,"side":"buy"}
{"source":"binance","type":"trade","timestamp":1775904836471,"price":72819.55,"quantity":8e-05,"side":"buy"}
{"source":"binance","type":"trade","timestamp":1775904836471,"price":72819.55,"quantity":8e-05,"side":"buy"}
{"source":"binance","type":"trade","timestamp":1775904836471,"price":72819.55,"quantity":8e-05,"side":"buy"}
{"source":"binance","type":"trade","timestamp":1775904836471,"price":72819.55,"quantity":7e-05,"side":"buy"}
{"source":"binance","type":"trade","timestamp":1775904836471,"price":72819.55,"quantity":7e-05,"side":"buy"}
{"source":"binance","type":"trade","timestamp":1775904836471,"price":72819.55,"quantity":8e-05,"side":"buy"}
{"source":"binance","type":"trade","timestamp":1775904836471,"price":72819.55,"quantity":0.00015,"side":"buy"}
{"source":"binance","type":"trade","timestamp":1775904836471,"price":72819.55,"quantity":7e-05,"side":"buy"}
{"source":"binance","type":"trade","timestamp":1775904836471,"price":72819.55,"quantity":8e-05,"side":"buy"}
{"source":"binance","type":"trade","timestamp":1775904836471,"price":72819.55,"quantity":8e-05,"side":"buy"}
{"source":"binance","type":"trade","timestamp":1775904836471,"price":72819.55,"quantity":8e-05,"side":"buy"}
{"source":"binance","type":"trade","timestamp":1775904836471,"price":72819.55,"quantity":8e-05,"side":"buy"}
{"source":"binance","type":"trade","timestamp":1775904836471,"price":72819.55,"quantity":8e-05,"side":"buy"}
{"source":"binance","type":"trade","timestamp":1775904836471,"price":72819.55,"quantity":8e-05,"side":"buy"}
{"source":"binance","type":"trade","timestamp":1775904836471,"price":72819.55,"quantity":8e-05,"side":"buy"}
{"source":"binance","type":"trade","timestamp":1775904836471,"price":72819.55,"quantity":8e-05,"side":"buy"}
{"source":"binance","type":"trade","timestamp":1775904836471,"price":72819.55,"quantity":8e-05,"side":"buy"}
{"source":"binance","type":"trade","timestamp":1775904836471,"price":72819.55,"quantity":7e-05,"side":"buy"}
{"source":"binance","type":"trade","timestamp":1775904836471,"price":72819.55,"quantity":7e-05,"side":"buy"}
{"source":"binance","type":"trade","timestamp":1775904836471,"price":72819.55,"quantity":7e-05,"side":"buy"}
{"source":"binance","type":"trade","timestamp":1775904836471,"price":72819.56,"quantity":7e-05,"side":"buy"}
{"source":"binance","type":"trade","timestamp":1775904836471,"price":72819.56,"quantity":8e-05,"side":"buy"}
{"source":"binance","type":"trade","timestamp":1775904836471,"price":72819.56,"quantity":8e-05,"side":"buy"}
{"source":"binance","type":"trade","timestamp":1775904836471,"price":72819.56,"quantity":8e-05,"side":"buy"}
{"source":"binance","type":"trade","timestamp":1775904836471,"price":72819.56,"quantity":8e-05,"side":"buy"}
{"source":"binance","type":"trade","timestamp":1775904836471,"price":72819.56,"quantity":8e-05,"side":"buy"}
{"source":"binance","type":"trade","timestamp":1775904836471,"price":72819.56,"quantity":8e-05,"side":"buy"}
{"source":"binance","type":"trade","timestamp":1775904836471,"price":72819.56,"quantity":8e-05,"side":"buy"}
{"source":"binance","type":"trade","timestamp":1775904836471,"price":72819.56,"quantity":8e-05,"side":"buy"}
{"source":"binance","type":"trade","timestamp":1775904836471,"price":72819.56,"quantity":7e-05,"side":"buy"}
{"source":"binance","type":"trade","timestamp":1775904836471,"price":72819.79,"quantity":8e-05,"side":"buy"}
{"source":"binance","type":"trade","timestamp":1775904836471,"price":72819.8,"quantity":7e-05,"side":"buy"}
{"source":"binance","type":"trade","timestamp":1775904836471,"price":72820.0,"quantity":0.0004,"side":"buy"}
{"source":"binance","type":"trade","timestamp":1775904836471,"price":72820.58,"quantity":7e-05,"side":"buy"}
{"source":"binance","type":"trade","timestamp":1775904836471,"price":72820.58,"quantity":7e-05,"side":"buy"}
{"source":"binance","type":"trade","timestamp":1775904836471,"price":72820.99,"quantity":8e-05,"side":"buy"}
{"source":"binance","type":"trade","timestamp":1775904836471,"price":72821.14,"quantity":8e-05,"side":"buy"}
{"source":"binance","type":"trade","timestamp":1775904836471,"price":72821.15,"quantity":7e-05,"side":"buy"}
{"source":"binance","type":"trade","timestamp":1775904836471,"price":72821.15,"quantity":8e-05,"side":"buy"}
{"source":"binance","type":"trade","timestamp":1775904836471,"price":72821.15,"quantity":7e-05,"side":"buy"}
{"source":"binance","type":"trade","timestamp":1775904836471,"price":72821.59,"quantity":8e-05,"side":"buy"}
{"source":"binance","type":"trade","timestamp":1775904836471,"price":72821.6,"quantity":8e-05,"side":"buy"}
{"source":"binance","type":"trade","timestamp":1775904836471,"price":72821.61,"quantity":0.00015,"side":"buy"}
{"source":"binance","type":"trade","timestamp":1775904836471,"price":72821.61,"quantity":7e-05,"side":"buy"}
{"source":"binance","type":"trade","timestamp":1775904836471,"price":72821.61,"quantity":8e-05,"side":"buy"}
{"source":"binance","type":"trade","timestamp":1775904836471,"price":72821.61,"quantity":7e-05,"side":"buy"}
{"source":"binance","type":"trade","timestamp":1775904836471,"price":72821.61,"quantity":7e-05,"side":"buy"}
{"source":"binance","type":"trade","timestamp":1775904836471,"price":72821.61,"quantity":7e-05,"side":"buy"}
{"source":"binance","type":"trade","timestamp":1775904836471,"price":72821.61,"quantity":7e-05,"side":"buy"}
{"source":"binance","type":"trade","timestamp":1775904836471,"price":72821.66,"quantity":7e-05,"side":"buy"}
{"source":"binance","type":"trade","timestamp":1775904836471,"price":72821.66,"quantity":8e-05,"side":"buy"}
{"source":"binance","type":"trade","timestamp":1775904836471,"price":72821.66,"quantity":7e-05,"side":"buy"}
{"source":"binance","type":"trade","timestamp":1775904836471,"price":72821.67,"quantity":7e-05,"side":"buy"}
{"source":"binance","type":"trade","timestamp":1775904836471,"price":72821.67,"quantity":0.00686,"side":"buy"}
{"source":"binance","type":"trade","timestamp":1775904836471,"price":72821.67,"quantity":8e-05,"side":"buy"}
{"source":"binance","type":"trade","timestamp":1775904836471,"price":72821.67,"quantity":7e-05,"side":"buy"}
{"source":"binance","type":"trade","timestamp":1775904836471,"price":72821.97,"quantity":7e-05,"side":"buy"}
{"source":"binance","type":"trade","timestamp":1775904836471,"price":72821.97,"quantity":7e-05,"side":"buy"}
{"source":"binance","type":"trade","timestamp":1775904836471,"price":72821.97,"quantity":8e-05,"side":"buy"}
{"source":"binance","type":"trade","timestamp":1775904836471,"price":72821.97,"quantity":7e-05,"side":"buy"}
{"source":"binance","type":"trade","timestamp":1775904836471,"price":72821.97,"quantity":7e-05,"side":"buy"}
{"source":"binance","type":"trade","timestamp":1775904836471,"price":72821.99,"quantity":8e-05,"side":"buy"}
{"source":"binance","type":"trade","timestamp":1775904836471,"price":72821.99,"quantity":8e-05,"side":"buy"}
{"source":"binance","type":"trade","timestamp":1775904836471,"price":72821.99,"quantity":8e-05,"side":"buy"}
{"source":"binance","type":"trade","timestamp":1775904836471,"price":72822.0,"quantity":0.0004,"side":"buy"}
{"source":"binance","type":"trade","timestamp":1775904836471,"price":72822.0,"quantity":0.0004,"side":"buy"}
{"source":"binance","type":"trade","timestamp":1775904836471,"price":72822.0,"quantity":0.0004,"side":"buy"}
{"source":"binance","type":"trade","timestamp":1775904836471,"price":72822.0,"quantity":0.00638,"side":"buy"}
{"source":"binance","type":"trade","timestamp":1775904836844,"price":72821.99,"quantity":0.00068,"side":"sell"}
{"source":"binance","type":"trade","timestamp":1775904837245,"price":72821.99,"quantity":0.00181,"side":"sell"}
{"source":"binance","type":"trade","timestamp":1775904838571,"price":72821.99,"quantity":0.00029,"side":"sell"}
{"source":"binance","type":"trade","timestamp":1775904839387,"price":72822.0,"quantity":0.001,"side":"buy"}
{"source":"binance","type":"trade","timestamp":1775904839428,"price":72821.99,"quantity":0.00011,"side":"sell"}
{"source":"binance","type":"trade","timestamp":1775904839435,"price":72822.0,"quantity":0.00019,"side":"buy"}
{"source":"binance","type":"trade","timestamp":1775904841676,"price":72821.99,"quantity":9e-05,"side":"sell"}
{"source":"binance","type":"trade","timestamp":1775904841859,"price":72822.0,"quantity":0.0001,"side":"buy"}
{"source":"binance","type":"trade","timestamp":1775904841940,"price":72822.0,"quantity":0.00011,"side":"buy"}
{"source":"binance","type":"trade","timestamp":1775904842637,"price":72822.0,"quantity":0.00602,"side":"buy"}
{"source":"binance","type":"trade","timestamp":1775904842694,"price":72821.99,"quantity":0.00013,"side":"sell"}
{"source":"binance","type":"trade","timestamp":1775904842882,"price":72822.0,"quantity":0.00036,"side":"buy"}
{"source":"binance","type":"trade","timestamp":1775904843385,"price":72821.99,"quantity":0.00137,"side":"sell"}
{"source":"binance","type":"trade","timestamp":1775904843735,"price":72821.99,"quantity":0.00181,"side":"sell"}
{"source":"binance","type":"trade","timestamp":1775905259104,"price":72834.04,"quantity":0.0025,"side":"sell"}
{"source":"binance","type":"trade","timestamp":1775905259491,"price":72834.04,"quantity":0.0019,"side":"sell"}
